1747 2745
783 164 832 199 LI
844 164 950 200 BER
980 164 1241 211 QVARTVS
1271 163 1521 201 XIV-XVII

195 272 263 312 ubi
294 272 481 323 inrigatus
509 274 636 311 multo
665 285 787 310 uenas
816 282 973 311 nectare

194 351 281 377 sero
309 338 476 376 domum
506 345 563 376 est
594 350 770 375 reuersus
800 336 984 375 titubanti
1015 338 1128 387 pede.
1247 383 1250 385 q
1485 353 1524 375 10

194 410 276 440 tum
306 401 550 440 semisomno
577 402 697 440 corde
727 409 765 439 et
794 415 921 440 errore
949 402 1059 440 ebrio

192 466 383 516 adplicuit
412 466 599 517 uirginale
628 465 760 517 generi
789 467 977 513 masculo,

192 538 230 569 et
260 531 478 569 masculina
506 531 684 570 membra
711 530 897 581 adposuit
926 532 1092 569 seminis.

192 593 245 633 ita
273 608 379 634 nunc
409 594 532 634 libido
562 608 684 646 prauo
714 595 850 633 sruitur
878 596 1047 645 gaudio.’

594 758 693 795 XVI
725 756 885 808 (xvn)

441 853 501 885 DE
526 852 764 896 CAPR[E]IS
790 851 1030 883 BARBATIS

247 942 429 978 BARBAM
457 942 630 991 capellae
660 953 751 978 cum
782 940 1056 989 impetrassent
1084 937 1134 977 ab
1166 939 1277 986 Ioue,

191 1003 288 1043 hirci
317 1014 537 1044 maerentes
566 1004 760 1056 indignari
791 1012 1017 1055 coeperunt,

191 1071 300 1120 quod
329 1070 560 1122 dignitatem
592 1071 762 1109 feminae
790 1078 1026 1121 aequassent
1056 1083 1178 1108 suam.

193 1134 360 1174 ‘Sinite’
389 1134 517 1187 inquit
547 1137 655 1174 ‘illas
684 1134 806 1186 gloria
834 1148 937 1174 uana
966 1135 1037 1173 srui

191 1207 229 1238 et
258 1214 444 1251 usurpare
474 1202 591 1240 uestri
622 1209 804 1242 ornatum
834 1200 1018 1247 muneris,
1503 1216 1520 1247 5

191 1279 302 1316 pares
332 1268 427 1306 dum
459 1281 539 1306 non
570 1268 646 1306 sint
676 1275 828 1306 uestrae
860 1265 1101 1305 fortitudini.’

244 1332 338 1370 Hoc
366 1340 640 1382 argumentum
672 1339 807 1371 monet
838 1339 880 1369 ut
910 1329 1102 1369 sustineas
1131 1329 1200 1368 tibi

189 1396 328 1436 habitu
358 1410 444 1436 esse
472 1397 618 1436 similes
649 1396 717 1448 qui
746 1404 838 1435 sunt
866 1395 1010 1435 uirtute
1040 1395 1219 1446 impares.

540 1558 661 1595 XVII
693 1554 875 1607 (XVIII)

420 1651 481 1682 DE
508 1650 743 1683 FORTVNIS
768 1648 996 1681 HOMINVM

244 1736 341 1775 CVM
371 1737 422 1774 de
451 1735 617 1775 fortunis
647 1734 809 1787 quidam
840 1743 1066 1786 quereretur
1094 1736 1184 1783 suis,

189 1802 373 1852 Aesopus
403 1800 513 1839 finxit
543 1800 775 1840 consolandi
805 1801 881 1839 hoc
909 1801 1042 1851 gratia

247 1868 419 1905 ‘Vexata
449 1865 576 1905 saeuis
595 1865 717 1904 nauis
747 1865 1048 1915 tempestatibus

190 1930 290 1970 inter
317 1939 522 1971 uectorum
554 1932 732 1970 lacrimas
762 1938 801 1969 et
830 1930 965 1969 mortis
994 1937 1156 1977 metum,

190 1997 329 2036 faeiem
358 1999 410 2036 ad
441 2010 619 2036 serenam
649 2003 691 2034 ut
722 1995 852 2034 subito
883 2002 1053 2033 mutatur
1081 1994 1177 2042 dies,
1501 2010 1517 2042 5

189 2061 276 2099 ferri
307 2061 491 2100 secundis
521 2069 604 2100 tuta
633 2060 763 2109 coepit
793 2059 949 2097 flatibus

189 2125 391 2176 nimiaque
419 2133 558 2164 nautas
588 2125 780 2163 hilaritate
809 2125 1002 2163 extollere.

237 2238 276 2259 12
302 2228 466 2267 uirginale
476 2227 588 2259 Pium
607 2228 762 2267 uirginali
776 2227 809 2257 Ρ
877 2226 934 2266 13*
958 2226 1114 2265 adposuit
1127 2225 1281 2257 Mueller:
1301 2225 1502 2265 adplicuitP

235 2271 327 2303 XVI.
351 2269 390 2302 H
407 2273 460 2304 66.
550 2273 573 2303 6
596 2272 784 2302 fortitudini
803 2271 1072 2301 Rilterslzausen:
1098 2269 1294 2300 fortitudine
1311 2269 1363 2300 R:
1388 2269 1430 2299 -is
1447 2268 1480 2299 P

236 2314 347 2346 XVII.
373 2312 413 2346 H
429 2317 481 2355 67.
573 2314 642 2346 Pro
658 2314 754 2346 titulo
775 2324 819 2345 DE
840 2323 987 2345 carmus
1010 2323 1184 2344 BARBArrs
1204 2311 1278 2355 ΡΗ]
1295 2312 1332 2343 de
1351 2323 1414 2352 quo
1435 2312 1518 2352 confi

190 2357 448 2390 Suetonilocum
467 2357 533 2391 Tib.
545 2368 588 2398 45
601 2359 642 2390 ab
653 2357 788 2389 Haueto
798 2357 975 2388 laudatum
1033 2367 1046 2388 1
1066 2361 1266 2396 quereretur
1275 2354 1381 2387 Pitl1.:
1400 2365 1515 2394 quaer.

189 2401 225 2433 P
289 2412 308 2432 2
333 2402 530 2434 consolandi
546 2401 658 2434 Pith.:
683 2400 882 2433 consulandi
898 2400 962 2431 PR
1029 2400 1094 2431 hoc
1111 2399 1266 2439 Bentley:
1291 2399 1374 2429 haec
1390 2397 1519 2430 Havct:

189 2455 258 2478 om.
272 2445 306 2476 P
384 2456 404 2486 5
429 2451 464 2477 ut
475 2448 554 2488 post
564 2445 675 2477 subito
688 2444 765 2478 add.
780 2444 947 2486 Bongars,
963 2447 1039 2475 ante
1054 2443 1165 2475 subito
1182 2441 1342 2474 Heinsius
1355 2453 1362 2473 ε
1387 2452 1453 2474 om.
1466 2441 1501 2473 Ρ
