1747 2745
567 440 886 487 PEROTTI
945 442 1326 489 PROLOGVS

334 582 490 621 Nicolai
530 582 677 621 Perotti
719 582 894 632 epitome
933 584 1163 623 fabellarum
1204 585 1365 636 Aesopi,
1402 583 1544 624 Auieni
1576 593 1614 624 et

281 646 423 686 Phedri
454 649 506 686 ad
535 648 726 698 Pyrrhum
767 650 970 688 Perottum
1000 650 1124 689 fratris
1166 650 1288 688 filium
1317 651 1614 689 adolescentem

279 711 557 751 suauissimum
579 712 717 763 incipit
738 713 953 753 foeliciter:

344 779 446 817 NON
473 785 564 816 sunt
594 777 635 816 hi
664 777 742 817 mei
771 792 874 828 quos
902 787 1017 830 putas
1047 782 1229 819 uerfficuli

280 842 350 882 sed
380 842 501 894 Esopi
532 851 623 882 sunt
651 851 690 882 et
718 842 865 883 Auieni
893 852 932 883 et
963 846 1123 893 Phedri,

279 922 380 959 quos
407 908 547 960 collegi
577 916 620 948 ut
647 916 792 957 essent,
823 911 980 960 Pyrrhe,
1012 910 1124 949 utiles
1157 909 1230 949 tibi

279 982 426 1024 tuaque
453 987 574 1013 causa
601 975 747 1025 legeret
776 974 985 1025 posteritas

280 1053 377 1090 quas
407 1040 626 1079 edidissent
654 1039 727 1079 uiri
755 1041 864 1079 docti
893 1040 1055 1079 fabulas.
1188 1062 1191 1064 ·
1600 1057 1618 1089 5

280 1103 420 1142 honori
451 1112 489 1143 et
518 1104 667 1144 meritis
696 1104 828 1143 dicaui
858 1105 944 1143 illos
975 1105 1063 1152 tuis,

280 1183 396 1219 saepe
426 1169 642 1208 uersiculos
672 1170 929 1220 interponens
958 1185 1069 1210 meos

280 1235 471 1284 quasdam
504 1235 579 1272 tuis
609 1233 721 1284 quasi
754 1234 915 1274 insidias
943 1235 1115 1274 auribus.

280 1301 379 1339 solet
407 1298 557 1350 quippe
584 1299 722 1339 iuuare
750 1298 824 1338 ista
852 1299 1030 1339 uarietas,

280 1367 351 1403 hos
382 1364 413 1403 si
443 1366 561 1415 leges,
592 1364 796 1404 laetabor:
823 1364 885 1402 sin
913 1373 1046 1403 autem
1078 1367 1224 1412 minus,
1580 1381 1620 1403 ιο

281 1429 488 1469 habebunt
517 1437 622 1468 certe
652 1443 733 1479 quo
761 1442 805 1468 se
832 1430 1034 1468 oblectent
1064 1431 1222 1480 posteri.

281 1508 387 1534 nunc
415 1495 637 1533 fabularum
668 1508 736 1532 cur
764 1493 813 1532 sit
844 1493 1050 1533 inuentum
1079 1509 1203 1545 genus

280 1559 393 1599 breui
420 1560 603 1600 docebo:
635 1559 798 1598 seruitas
829 1559 1012 1607 obnoxia,

281 1626 374 1676 quia
402 1638 482 1675 que
509 1624 670 1663 uolebat
699 1637 783 1662 non
810 1625 986 1663 audebat
1017 1624 1156 1671 dicere,

282 1691 445 1729 affectus
473 1689 653 1740 proprios
683 1689 724 1727 in
753 1689 917 1728 fabellas
946 1690 1143 1729 transtulit
1579 1707 1618 1739 15

282 1754 602 1806 calumniamque
631 1755 733 1793 fictis
762 1754 877 1794 elusit
907 1753 1031 1794 iocis..

283 1822 405 1861 redeo
433 1821 542 1860 unde
570 1821 734 1860 discessi
764 1821 816 1859 ad
845 1820 1023 1858 libellum
1055 1834 1201 1859 meum.

283 1888 390 1926 hunc
420 1886 641 1925 obtrectare
671 1884 702 1923 si
733 1886 840 1922 uolet
871 1883 1104 1934 malignitas,

283 1949 426 1990 imitari
453 1951 550 1990 dum
582 1964 663 1989 non
692 1949 827 2000 possit,
859 1948 1053 1987 obtrectet
1082 1949 1186 1988 licet.

285 2015 381 2054 mibi
409 2029 553 2066 magna
581 2016 665 2053 laus
696 2022 756 2053 est
784 2014 895 2065 quod
924 2021 981 2062 tu,
1009 2016 1118 2064 quod
1148 2013 1293 2052 similes
1324 2013 1381 2052 tui
1581 2031 1622 2053 20

284 2081 437 2119 labores
467 2079 635 2117 libenter
663 2080 793 2130 legant
824 2092 951 2129 usque
979 2092 1090 2117 meos

284 2145 505 2195 dignosque
534 2145 654 2194 longa
682 2143 859 2182 iudicent
889 2143 1089 2182 memoria.

286 2223 441 2260 semper
470 2210 626 2259 fugatae
654 2210 742 2259 plus
772 2207 957 2246 uetustati
989 2209 1095 2246 fauet

286 2273 436 2313 inuidia
465 2275 628 2313 mordax
658 2287 778 2323 quarn
809 2273 924 2311 bonis
955 2272 1213 2322 presentibus.

332 2378 462 2408 Hauszt
489 2388 528 2407 cx
560 2375 711 2407 Phaedro
735 2376 888 2406 Perottus
907 2375 1040 2416 prologi
1059 2376 1114 2405 sni
1137 2386 1185 2415 10,
1207 2385 1242 2405 11
1261 2390 1285 2401 =
1304 2373 1352 2406 III
1375 2374 1465 2407 Prol.
1488 2384 1527 2414 31
1549 2386 1598 2415 sq.
1613 2399 1620 2405 .

291 2423 396 2460 13-16
412 2435 438 2445 ε
456 2421 486 2450 ΙΙ
512 2419 597 2460 Epil.
623 2430 731 2459 9—13:
761 2420 875 2457 18-207
901 2430 983 2449 22:
1002 2419 1049 2449 IV
1072 2418 1159 2449 Prol.
1189 2427 1302 2457 15-17‚
1329 2429 1391 2458 19:
1419 2428 1469 2458 23,
1494 2428 1577 2457 24:
1593 2419 1621 2449 V

287 2465 377 2496 Ριόἶ.
397 2466 427 2504 8,
447 2475 467 2503 9
483 2467 513 2494 el
529 2463 626 2494 uerba
643 2474 777 2503 quoque,
798 2467 835 2493 ut
851 2462 992 2502 mdetur,
1013 2473 1078 2493 non
1097 2461 1188 2492 nulla
1205 2460 1414 2493 Plzacdricma
