1747 2745
788 164 952 200 LIBER
988 165 1196 201 PRIMVS
1231 166 1500 204 XVIII-XXI

176 282 310 320 preces
339 270 528 316 admouit,
562 280 716 321 tempus
747 285 910 311 exorans
942 274 1070 320 breue,

174 336 271 374 dum
303 335 491 374 firmiores
525 337 675 374 catulos
705 345 836 386 posset
866 338 1021 376 ducere.

174 400 251 439 hoe
280 413 441 450 quoque
469 409 707 450 consumpto
737 401 897 451 flagitari
928 402 1096 441 ualidius

173 463 305 503 cubile
333 463 475 514 coepit.
536 464 597 502 ‘Si
629 465 724 503 mihi
753 474 792 504 et
822 466 959 505 turbae
989 480 1100 506 meae

174 529 264 581 par'
293 527 420 579 inquit
451 531 559 568 ‘esse
588 531 772 580 potueris,
803 531 943 570 cedam
974 533 1096 570 loco’.
1468 550 1504 572 ιο

659 656 735 693 XX

498 739 651 773 CANES
677 740 899 773 FAMELICI

227 819 423 858 Srvva
453 819 661 859 consilium
692 833 772 859 non
802 821 925 859 modo
954 821 1095 860 effectu
1125 830 1241 870 caret,

174 885 244 924 sed
272 885 324 924 ad
353 885 565 935 perniciem
596 898 756 936 quoque
787 886 959 925 mortalis
989 888 1170 926 deuocat.

227 949 391 990 Corium
421 950 649 1001 depressum
681 952 719 989 in
749 950 872 990 fluuio
902 952 1085 991 uiderunt
1114 965 1242 992 canes.

174 1014 215 1055 id
244 1023 287 1055 ut
314 1027 494 1055 comesse
523 1024 738 1055 extractum
768 1025 929 1067 possent
960 1017 1121 1065 facilius,

173 1093 317 1131 aquam
346 1094 513 1131 coepere
542 1081 725 1121 ebibere:
765 1083 834 1121 sed
865 1081 967 1132 rupti
997 1082 1103 1132 prius

174 1146 323 1198 periere
351 1159 469 1198 quam
499 1148 609 1197 quod
639 1149 831 1198 petierant
860 1147 1144 1198 contingerent.

731 1276 831 1314 XXI

306 1359 398 1392 LEO
423 1359 590 1400 SENEX‚
614 1360 752 1401 APER,
779 1361 966 1394 TAVRVS
993 1361 1051 1393 ET
1073 1361 1246 1395 ASINVS

229 1438 485 1487 QvlCVMQVE
514 1437 644 1476 amisit
673 1437 904 1488 dignitatem
935 1438 1151 1488 pristinam,

174 1502 325 1554 ignauis
355 1502 473 1542 etiam
504 1503 613 1542 iocus
643 1511 701 1541 est
732 1504 771 1540 in
801 1516 893 1541 casu
924 1505 1044 1553 graui.

230 1568 419 1607 Defectus
448 1567 561 1606 annis
591 1576 630 1606 et
660 1568 836 1607 desertus
868 1568 1015 1607 uiribus

174 1633 238 1672 leo
266 1645 356 1671 cum
387 1632 530 1672 iaceret
559 1631 736 1682 spiritum
769 1640 986 1672 extremum
1017 1634 1185 1680 trahens,

174 1711 266 1749 aper
295 1696 493 1737 fulmineis
523 1711 712 1748 spumans
743 1697 852 1736 uenit
881 1697 1077 1745 dentibus,
1485 1716 1500 1746 5

174 1771 213 1803 et
241 1763 459 1803 uindicauit
489 1764 567 1802 ictu
600 1771 774 1803 ueterem
806 1762 997 1801 iniuriam.

173 1828 325 1869 infestis
354 1837 486 1868 taurus
517 1842 608 1868 mox
638 1828 816 1867 confodit
845 1827 1031 1867 cornibus

174 1894 318 1934 hostile
347 1907 498 1944 corpus.
550 1894 702 1940 asinus,
735 1901 777 1932 ut
806 1892 904 1931 uidit
935 1893 1056 1931 ferum

217 2004 239 2034 6
262 2001 410 2033 admouit
421 1999 506 2032 Pith.
523 2011 530 2031 ε
551 1999 846 2032 admonuitDPR'
906 2009 923 2038 7
941 1997 1071 2029 catulos
1084 2000 1197 2036 posset
1210 1995 1240 2025 P
1296 1996 1461 2026 deducere
1474 1995 1507 2026 D

174 2047 195 2077 8
218 2050 396 2077 consumto
416 2043 490 2076 PR'
618 2045 768 2083 flagitare
789 2043 840 2074 P:
867 2047 1020 2082 repetere
1040 2045 1089 2078 get
1106 2039 1243 2080 cogere)
1261 2038 1506 2079 Pamphy-astae

174 2099 196 2129 9
219 2089 333 2129 coepit
351 2087 426 2119 Pitl1
452 2099 459 2118 :
485 2089 598 2128 coepit
616 2088 669 2118 illa
688 2086 810 2117 DPR:
836 2087 890 2117 illa
910 2086 1020 2124 coepit
1037 2083 1102 2115 Ad.
1122 2083 1184 2113 Ro,
1257 2092 1294 2113 10
1319 2083 1454 2112 caedam
1473 2082 1507 2112 l)

219 2132 296 2165 XX.
324 2129 364 2163 H
377 2142 430 2166 21.
445 2129 509 2163 Th
521 2143 550 2164 2.
631 2130 750 2162 Exstat
764 2131 796 2160 in
812 2130 846 2160 D
858 2131 928 2160 sine
940 2129 1044 2159 titulo.
1093 2127 1133 2157 Iu
1151 2126 1245 2157 tilulo
1262 2135 1301 2155 ῖΑ
1308 2135 1415 2156 Μιωει
1434 2125 1506 2155 PR'

176 2186 196 2206 2
219 2176 399 2216 pernitiem
422 2168 459 2206 ‘D
563 2173 720 2205 mortales
744 2173 777 2203 P
874 2174 911 2211 4*
937 2172 983 2212 id]
1007 2171 1090 2210 sort.
1117 2171 1182 2208 ibi;
1206 2170 1242 2209 cs.
1263 2168 1353 2208 infra
1375 2168 1422 2200 ad
1436 2180 1467 2199 η.
1486 2178 1506 2208 5

176 2229 196 2259 5
221 2219 333 2250 bibere
351 2219 384 2249 P
471 2220 564 2256 prius
581 2217 638 2248 D:
664 2218 755 2257 prius
773 2217 816 2247 ibi
835 2215 900 2246 PR

220 2262 316 2294 XXI.
343 2259 382 2293 H
399 2272 451 2301 22,
472 2259 537 2293 Tn
553 2273 604 2292 20.
697 2260 818 2291 Exstat
833 2260 866 2290 in
883 2258 918 2289 D
934 2269 1008 2289 cum
1027 2257 1118 2288 tstulo
1137 2266 1200 2287 LEO
1219 2265 1398 2287 DEFICIENS
1413 2264 1505 2286 Api-‚R

175 2315 336 2336 TAVRVVS
352 2315 503 2336 ASELLvs
582 2315 602 2335 2
626 2304 726 2335 etiam
741 2305 832 2334 iocus
846 2308 897 2333 est
911 2301 966 2332 D:
989 2306 1040 2332 est
1054 2301 1154 2331 etiam
1170 2301 1261 2331 iocus
1275 2299 1326 2331 P:
1347 2299 1385 2329 de
1397 2299 1428 2329 R
1442 2309 1507 2328 non

176 2353 319 2380 constat:
343 2359 423 2380 corr.
441 2349 517 2380 Pitlz
650 2347 689 2387 5*
712 2356 872 2386 spumans
895 2345 989 2376 uenit
1009 2345 1124 2384 scripsi
1143 2355 1182 2374 ex
1198 2343 1506 2383 Pampliraslmum

177 2392 300 2423 indict'is
332 2393 394 2432 qui
420 2393 564 2423 exhibent
594 2401 677 2430 aper
708 2391 750 2421 ad
782 2399 858 2420 eum
895 2389 988 2419 uenit
1023 2388 1126 2418 iratus
1161 2387 1358 2426 (iracundus
1393 2385 1506 2426 Wiss.)

176 2445 338 2476 spumans
354 2435 520 2466 fulmineis
537 2435 715 2466 dentibus:
741 2434 832 2464 uenit
849 2433 890 2463 ad
908 2441 983 2463 eum
1001 2431 1055 2462 D:
1079 2431 1121 2462 ad
1139 2440 1214 2461 eum
1232 2430 1324 2461 uenit
1340 2429 1373 2460 P
