1747 2745
427 152 903 190 ADDITAMENTVM
945 152 1231 192 CRITICVM

166 262 207 293 ad
231 266 319 293 tecta
343 261 507 294 aduentus
531 262 660 300 attinet,
688 261 727 292 cf.
757 261 855 294 Lucr.
881 273 910 294 v.
936 263 999 302 984
1025 273 1074 302 sq.
1105 262 1291 302 ‘eiectique
1321 264 1419 295 domo
1444 264 1493 295 su-

167 306 302 345 giebant
320 316 422 338 saxea
439 310 526 336 tecta
545 306 550 346 Ι
572 304 755 345 spumigeri
773 306 844 336 suis
861 306 1008 336 aduentu
1025 307 1196 346 ualidique
1210 307 1317 338 leonis
1331 307 1338 323 '
1353 318 1361 347 ς
1388 307 1493 339 Pacu-

167 350 210 381 uii
229 350 345 388 fragm.
363 360 425 388 303
452 350 642 380 ‘beluarum
660 359 697 379 ac
717 349 859 379 serarum
885 350 1053 381 aduentus
1064 351 1082 382 '.
1122 350 1156 380 iu
1174 351 1237 382 hoc
1255 351 1492 382 uocabulorum

165 404 292 434 genere
317 404 457 425 numero
483 393 601 433 plurali
627 393 762 432 saepius
789 393 894 423 utitur
919 394 1103 426 Phaedrus.
1152 405 1213 434 pro
1238 395 1403 434 exemplis
1429 396 1487 426 tibi

166 438 233 468 sint
248 439 381 478 cjffeclus,
401 438 550 475 llausluS,
571 437 674 476 lusus,
696 437 842 467 monitus
859 442 900 477 et⁷
922 439 1007 477 quod
1026 437 1233 469 reddidimus
1252 439 1310 478 illi,
1329 443 1468 471 cacatus.

208 482 276 513 viii.
299 492 348 513 10.
372 481 420 512 Cl.
439 481 498 512 Ph.
517 483 591 520 267.

208 536 240 557 x.
261 537 289 556 2.
317 525 493 566 adponam.
533 525 575 557 cf.
594 525 723 556 Gellius
740 524 759 556 i.
781 535 828 564 13.
846 535 889 564 93
916 525 1054 565 Plinius,
1074 526 1116 558 N.
1129 527 1177 558 Η.
1196 526 1300 557 xxxii.
1325 537 1373 566 19.

254 570 305 600 28.
328 574 360 599 et
377 569 460 599 niln'l
474 569 639 608 respiciens
660 574 692 599 et
717 568 765 598 m'l
786 569 855 598 iam
880 569 1047 610 respiciens
1071 575 1161 601 recte
1184 581 1220 601 se
1246 571 1372 601 habent
1397 571 1425 601 si
1449 571 1491 602 ad

167 624 320 644 numeros
337 618 473 653 spectes
488 623 496 649 ;
520 613 562 643 cf.
579 623 664 651 quae
682 613 715 642 in
735 612 969 644 Hermathena
986 614 1140 646 diximus.

253 668 305 696 30.
324 656 510 687 rectissime
525 656 620 686 illum
628 661 728 696 prope
739 655 850 687 Rank.
868 657 988 696 filium
1005 667 1078 687 cum
1094 667 1198 697 super
1211 657 1306 688 illum
1320 669 1338 688 e
1350 658 1491 697 regione

165 707 280 741 staret,
305 701 367 731 hoc
388 700 428 731 ab
452 700 509 730 illo
532 705 726 739 corruptum
753 703 824 735 est;
849 710 928 730 mox
949 705 1047 741 prope
1070 711 1129 731 seu
1149 712 1226 732 casu
1251 702 1324 732 siue
1348 702 1491 733 consilio

166 746 293 776 omisso
312 744 490 775 molestum
508 744 715 783 illudfilinm
740 744 865 774 librarii
890 746 1010 775 cedere
1029 745 1171 776 cubiculo
1195 746 1374 786 iusserunt,
1402 747 1489 786 κακῷ

165 788 262 819 κακὸν
275 788 410 827 ἰώμενοι.

252 834 303 872 48.
331 837 423 863 recte
441 842 477 863 se
490 832 590 862 habet
604 830 811 862 mendacium
825 831 982 869 limasset,
995 833 1147 872 quamuis
1161 833 1282 864 Cicero
1296 843 1363 863 non
1377 833 1490 865 minus

166 882 257 908 recte
289 877 412 909 dixerit
440 875 528 915 ιἰΙῙει,
557 886 630 906 cum
664 876 787 906 ueritas
819 877 892 914 ipsa
923 876 1057 906 limatur
1088 876 1120 906 in
1147 877 1387 917 disputatione,
1415 877 1492 908 sub·

166 921 270 952 tilitas
282 920 301 958 ’‚
316 921 353 952 de
368 920 433 961 Off.
446 920 478 952 ii.
494 928 546 958 35.
577 919 695 949 limare
707 919 797 950 enim
812 919 894 951 nihil
908 920 997 950 aliud
1015 924 1066 950 est
1082 930 1181 959 quam
1200 922 1282 951 lima
1301 921 1492 952 examinare

166 965 250 996 Stat.
270 965 354 996 Silu.
375 964 407 995 ii.
428 963 531 1004 praes.

208 1008 279 1041 xiii.
294 1019 341 1048 13.
370 1008 489 1039 rettulit
499 1007 702 1046 sententiam,
718 1007 942 1049 nonprotulit,
954 1008 996 1038 de
1007 1008 1134 1039 arbitro
1147 1008 1276 1039 dicitur.
1317 1014 1393 1048 post
1405 1009 1414 1025 ‘
1429 1009 1494 1040 tale·

166 1053 290 1084 excidit
315 1063 346 1083 re
362 1062 422 1092 per
446 1053 768 1091 homoeographon;
792 1053 833 1083 de
859 1063 898 1083 eo
917 1053 1004 1091 quod
1030 1051 1184 1084 relictum
1209 1056 1281 1083 erat
1305 1053 1378 1083 tulit
1401 1053 1489 1086 aliud

165 1097 220 1128 alii
239 1097 389 1128 fecerunt
406 1096 539 1126 librarii.

208 1152 263 1172 xv.
293 1152 319 1173 1.
345 1140 509 1172 oberranti
537 1143 778 1179 temptaueram
797 1140 847 1172 Cl.
878 1140 920 1180 Q.
946 1150 1013 1180 953
1049 1151 1136 1172 nunc
1164 1139 1237 1171 loco
1264 1139 1422 1172 Plautino
1447 1141 1490 1172 de

160 1185 353 1226 palantibus
369 1185 424 1215 uel
436 1183 651 1224 palitantibas
666 1184 787 1215 ouibus
804 1194 973 1225 perpenso
996 1183 1128 1224 (Bacch.
1149 1189 1241 1225 1123,
1264 1184 1363 1225 1936)
1381 1184 1488 1216 multo

165 1230 272 1269 magis
284 1229 420 1269 palanti
430 1227 545 1268 probo.

256 1283 304 1312 19,
324 1284 375 1303 20.
403 1283 481 1303 ecce
497 1271 638 1302 alterum
656 1271 719 1302 iam
738 1277 955 1313 praeceptum
974 1272 1130 1312 idemque
1146 1271 1303 1303 alienum.
1345 1271 1488 1303 Phaedri

167 1328 228 1348 nec
245 1318 367 1357 legibus
384 1317 517 1347 uidetur
533 1315 638 1346 fuisse
657 1325 769 1355 neque
784 1320 908 1356 auctor,
929 1316 1017 1355 quod
1028 1316 1136 1355 ipsum
1153 1316 1257 1346 multo
1270 1315 1378 1355 magis
1394 1326 1488 1355 para-

166 1362 337 1401 phrasium
353 1360 481 1391 auctori
499 1359 727 1399 tribuendum,
747 1361 803 1400 qui
829 1361 929 1391 homo
948 1360 1095 1390 insulsus
1119 1360 1152 1390 in
1177 1359 1319 1400 prologo
1346 1359 1489 1390 Phaedri

165 1416 239 1436 cum
257 1406 449 1444 ‘Aesopum
463 1408 633 1434 auctorem
648 1401 655 1414 '
668 1403 818 1444 legisset,
838 1408 1002 1434 auctorem
1020 1414 1080 1442 pro
1097 1403 1235 1443 Aesopo
1253 1403 1488 1442 frequentauit.

209 1449 273 1481 xvi.
293 1461 324 1489 4.
351 1449 466 1489 agebat
481 1447 677 1486 conuicium,
697 1457 759 1486 per
775 1458 812 1478 se
829 1447 962 1487 quidem
980 1447 1167 1487 serendum,
1187 1447 1353 1486 exemplis
1370 1451 1472 1478 caret.

250 1504 282 1534 9.
309 1493 472 1524 redundat
482 1502 555 1522 sua.
580 1496 696 1521 contra
711 1491 790 1522 data
804 1492 901 1522 uerba
912 1495 947 1520 ut
961 1490 993 1520 in
1010 1491 1163 1521 Phaedro
1175 1490 1323 1530 dubium,
1338 1491 1490 1530 quamuis

164 1536 318 1568 Valerius
331 1537 468 1567 Flaccus
485 1535 541 1565 vii.
559 1544 617 1573 251
634 1535 641 1552 ‘
655 1534 734 1565 talia
746 1535 850 1565 uerba
864 1534 963 1565 dabat
975 1534 982 1550 ’
995 1541 1028 1564 et
1045 1534 1141 1565 uerba
1155 1533 1231 1564 dare
1246 1544 1314 1565 non
1332 1544 1400 1565 uno
1414 1534 1490 1564 loco

164 1580 340 1619 Auiauus;
364 1580 403 1612 cf.
431 1578 582 1610 Ellisium
607 1579 648 1609 ad
673 1589 725 1618 37.
744 1589 772 1610 2.
821 1582 894 1618 cale,
920 1589 979 1608 seu
1004 1578 1099 1609 malis
1123 1581 1202 1617 cata,
1229 1583 1306 1618 apte
1329 1579 1370 1608 ad
1395 1588 1490 1617 rem;

166 1636 241 1655 narn
260 1625 350 1665 quod
366 1624 407 1655 ad
426 1622 733 1663 interpunctionem
757 1623 888 1661 attinet,
909 1622 1094 1653 cauendum
1113 1627 1163 1653 est
1186 1633 1229 1653 ne
1255 1633 1328 1653 curn
1354 1622 1490 1653 Haueto

166 1670 211 1710 (p.
235 1672 310 1708 155)
329 1669 483 1699 Phaedro
501 1667 624 1707 eripias
642 1677 737 1697 suam
755 1667 887 1698 dicendi
905 1667 1112 1707 libertatem;
1139 1667 1179 1699 cf.
1200 1667 1224 1699 Ι.
1243 1667 1283 1698 iv.
1304 1677 1334 1698 2.

254 1714 302 1743 16.
318 1712 489 1742 codicibus
503 1711 710 1742 uariantibus
723 1711 877 1743 Phaedro
891 1723 965 1743 eam
977 1712 1156 1752 adsignare
1170 1711 1376 1742 locutionem
1388 1709 1489 1742 malui

165 1766 250 1795 quae
268 1757 405 1788 derecta
422 1761 512 1787 esset
524 1756 693 1797 gaudebat
708 1768 807 1796 quam
825 1768 911 1797 quae
928 1757 1065 1797 obliqua
1080 1756 1188 1787 simul
1199 1756 1358 1797 cognouit.

207 1800 287 1833 xvii.
309 1810 357 1832 10.
381 1800 514 1841 genitor
527 1801 614 1840 quod
633 1801 798 1832 Muellero
816 1805 908 1832 recte
923 1801 1092 1842 displicuit
1104 1801 1221 1831 satoris
1231 1799 1489 1831 sortasseinter·

164 1849 409 1884 pretamentum
435 1851 485 1876 est
512 1845 566 1886 (cs.
594 1846 695 1886 Corp.
725 1845 778 1877 Gl.
805 1857 835 1878 v.
864 1847 934 1885 146.
955 1845 1011 1885 43)
1031 1844 1191 1885 illudque,
1211 1844 1305 1875 cuius
1324 1844 1358 1874 in
1379 1842 1488 1874 locum

165 1888 355 1927 inrepserit,
376 1892 476 1919 rector
490 1890 734 1929 reponendum.
764 1894 867 1921 restat
879 1894 915 1920 ut
932 1889 1045 1920 Iouem
1064 1894 1163 1930 putes
1180 1889 1263 1919 deos
1280 1897 1488 1927 procreasse,

164 1932 317 1964 homines
334 1943 415 1964 uero
432 1939 600 1974 tamquam
619 1934 859 1965 Deucalionem
877 1934 1041 1973 quendam
1058 1932 1197 1964 senisse.
1245 1943 1264 1962 a
1279 1931 1426 1971 Vergilio
1441 1931 1487 1962 A.

163 1977 218 2007 xii.
239 1977 302 2017 829
318 1983 459 2009 uocatur
480 1979 675 2009 ‘hominum
693 1989 872 2018 rerumque
889 1977 1061 2018 reperlor’.

206 2021 293 2052 xviii.
313 2033 343 2061 3.
368 2034 434 2054 non
452 2023 572 2054 auibus
596 2023 655 2053 sed
680 2022 850 2052 hominum
875 2021 1014 2052 auribus
1029 2031 1116 2060 pauo
1133 2019 1203 2050 uolt
1219 2030 1256 2050 se
1279 2018 1490 2058 adprobare3

163 2063 203 2095 cf.
217 2064 281 2097 Ou.
296 2065 381 2098 Med.
400 2067 474 2098 Fac.
493 2077 535 2106 33
553 2076 601 2106 sq.
618 2068 626 2082 ‘
639 2065 794 2097 laudatas
807 2065 1095 2096 homt'm'uolucris
1107 2063 1247 2094 Iunonia
1262 2063 1384 2103 pinnas
1404 2062 1408 2098 1
1430 2071 1489 2092 ex·

163 2108 263 2148 pIIcat
275 2116 308 2141 et
324 2112 428 2142 forma
438 2117 530 2141 muta
547 2110 699 2150 superbit
709 2109 800 2140 auis’
816 2115 848 2140 et
862 2109 953 2149 quod
966 2109 1008 2140 ad
1019 2119 1115 2139 aures
1131 2108 1261 2147 attinet,
1277 2106 1366 2146 App.
1384 2106 1440 2138 xii.
1456 2107 1489 2146 6,

164 2152 228 2185 Ou.
249 2154 323 2186 Met.
340 2155 382 2186 iv.
403 2165 475 2194 271.

250 2198 414 2238 Epilogus
434 2208 480 2229 11.
509 2197 630 2237 rndibit,
650 2197 700 2228 Cl.
719 2197 761 2236 Q.
779 2206 842 2237 95:
867 2197 908 2228 cf.
929 2196 1014 2228 Nou.
1036 2195 1112 2227 Fab.
1135 2195 1178 2226 ix.
1202 2204 1250 2233 14.

251 2243 303 2273 28.
321 2242 488 2282 proposui,
511 2241 547 2271 C.
571 2240 632 2272 Ph.
652 2241 688 2271 P.
725 2242 757 2271 in
776 2252 813 2271 re
831 2240 931 2271 simili
944 2240 1102 2270 mendum
1120 2249 1162 2270 ex
1181 2238 1266 2269 Hor.
1288 2236 1396 2268 serm.
1417 2237 1439 2268 i.
1458 2246 1486 2274 5.

163 2297 200 2316 21
223 2287 315 2317 ‘tulit
331 2287 349 2325 ’7
369 2296 415 2317 sc.
435 2286 593 2325 animum,
614 2285 749 2316 sustulit
766 2284 925 2315 Vollmer.

802 2504 849 2527 XX
