1747 2745
644 151 964 190 PRAEFATIO

197 258 330 297 Plures
353 258 588 296 Fabularum
619 259 776 297 codices
799 260 836 297 in
866 273 966 298 aeuo
994 261 1103 310 quod
1133 259 1274 299 dicitur
1295 262 1467 299 medium

142 322 334 362 exstitisse
355 332 521 371 constat,
551 337 719 375 quorum
742 339 843 363 unus
870 338 975 364 anno
1002 337 1101 374 1470
1123 325 1290 365 Nicolao
1313 328 1470 365 Perotto

141 387 352 439 Sipontino
388 390 604 440 aliquando
648 391 836 441 episcopo
883 398 1037 441 praesto
1076 390 1211 430 suerat.
1283 390 1335 430 ibi
1369 404 1471 442 quae

142 455 293 493 inerant
324 454 479 493 fabulae
501 456 608 505 (nam
630 468 680 495 ne
702 454 733 494 is
763 455 925 505 quidem
946 455 1095 506 integer
1116 456 1204 507 fuit)
1234 457 1311 495 sere
1332 469 1470 495 omnes

143 520 181 558 in
202 519 344 559 librum
365 533 484 571 quem
507 521 546 559 in
571 535 684 560 usum
709 521 918 571 Pyrrhonis
935 521 1058 559 fratris
1080 521 1139 559 sui
1160 520 1227 559 filii
1247 528 1471 560 contexeret

142 585 337 638 transtulit
372 588 581 635 Perottus;
619 586 686 637 qui
721 586 817 637 quid
857 586 895 624 in
936 588 1009 625 hac
1047 588 1204 638 sylloge,
1242 595 1283 625 ut
1317 586 1468 634 dicitur,

143 651 344 691 Perottina
372 660 530 691 secutus
559 661 674 699 esset,
697 652 780 702 ipse
811 652 849 690 in
872 652 1021 702 prologi
1046 653 1104 690 sui
1126 666 1188 690 uu.
1219 665 1289 703 1-5
1311 652 1470 703 exponit

142 716 262 768 idque
285 718 349 756 uel
377 731 424 756 ex
454 717 574 756 totius
595 719 762 769 sylloges
782 725 997 768 conspectu
1028 719 1201 768 quodam
1223 731 1339 768 quem
1362 718 1471 757 dedit

143 784 329 821 Hauetus
358 796 422 833 pp.
459 785 617 832 277-86
653 783 767 823 facile
801 791 975 834 apparet.
1035 782 1132 822 liber
1171 796 1251 834 quo
1283 796 1374 822 usus
1414 791 1471 821 est

142 849 331 897 ἀκέφαλος
369 856 461 896 erat,
495 848 642 899 quippe
681 848 748 900 qui
786 862 810 887 a
843 856 950 887 sexta
988 849 1149 888 demum
1190 848 1276 888 libri
1307 847 1471 888 secundi

142 912 275 952 fabula
312 912 512 963 inciperet.
581 926 632 952 an
671 915 759 953 finis
798 926 958 964 quoque
997 915 1164 952 defuerit
1202 913 1248 961 ei,
1290 913 1471 952 nescitur.

142 976 293 1016 inerant
331 985 436 1017 certe
475 979 548 1017 hae
587 991 668 1029 quo
706 978 845 1019 ordine
885 978 925 1017 in
974 978 1192 1018 Pithoeano
1239 978 1472 1018 exhibentur

142 1043 308 1083 fabulae.

198 1110 252 1148 ΙΙ.
276 1108 324 1157 vi,
347 1109 408 1157 vii,
433 1109 509 1158 viii,
531 1110 719 1162 epilogus.

198 1177 276 1215 ΙΙΙ.
299 1177 494 1228 prologus,
518 1176 632 1217 i—xix.
691 1178 895 1228 prologum
927 1179 1086 1216 Perotto
1116 1184 1254 1216 notum
1285 1175 1402 1215 fuisse
1427 1190 1472 1215 cx

144 1240 264 1292 ipsius
291 1241 469 1281 uersibus
494 1243 590 1293 prol.
627 1256 683 1291 10,
713 1257 754 1281 11
779 1251 940 1295 apparet
958 1259 968 1292 ,-
997 1243 1032 1282 ix
1054 1244 1092 1282 in
1114 1245 1246 1295 elegos
1265 1257 1311 1282 ex
1333 1242 1472 1282 iambis

143 1307 348 1347 conuertit.

199 1373 267 1411 IV.
291 1372 454 1421 >rx-xxii,
477 1373 574 1423 xxiv,
598 1388 680 1413 xxv.

197 1439 243 1476 V.
267 1439 459 1489 prologus,
484 1440 560 1478 i-v.

200 1504 272 1541 IV.
293 1503 382 1542 xxiii
403 1505 453 1543 de
475 1513 616 1543 monte
627 1504 874 1555 parturiente,
894 1504 976 1544 siue
992 1517 1084 1544 casu
1102 1517 1171 1544 seu
1187 1503 1349 1543 consilio
1364 1503 1472 1554 quod

144 1566 300 1606 tritioris
320 1570 539 1620 argumenti
561 1582 646 1609 esse
661 1570 832 1617 duceret,
852 1571 1037 1621 prudens,
1058 1578 1100 1608 ut
1121 1569 1286 1616 uidetur,
1310 1577 1473 1619 praeter-

143 1632 262 1672 misit.
319 1635 370 1673 de
399 1633 557 1685 epilogo
581 1634 668 1673 libri
695 1635 761 1674 III
789 1635 856 1685 qui
884 1635 924 1674 in
953 1635 1172 1675 Pithoeano
1199 1642 1287 1685 post
1309 1635 1377 1673 IV.
1402 1648 1474 1672 xxv

143 1698 283 1751 legitur
312 1699 409 1738 nihil
436 1699 569 1751 liquet.
611 1699 679 1751 qui
714 1714 808 1740 uero
839 1701 878 1739 in
909 1702 1050 1740 eodem
1081 1700 1342 1751 subsequitur,
1368 1713 1473 1738 nunc

143 1764 244 1804 libro
266 1766 326 1804 IV
346 1765 601 1816 praepositus,
624 1773 730 1805 certe
749 1765 785 1804 ei
806 1773 922 1804 notus
944 1774 1037 1805 erat.

199 1832 360 1870 Inerant
387 1833 506 1871 etiam
535 1831 576 1870 in
615 1845 663 1871 eo
690 1832 791 1871 libro
820 1834 936 1870 XXX
966 1832 1121 1871 fabulae
1158 1845 1270 1882 quae,
1309 1845 1399 1870 cum
1434 1831 1471 1870 in

147 1895 368 1936 Pithoeano
395 1910 478 1936 non
506 1905 670 1945 exstent,
703 1897 779 1937 sub
809 1896 970 1936 nomine
999 1896 1229 1948 appendicis
1252 1897 1473 1937 Perottinae

144 1961 265 2002 hodie
284 1963 470 2011 seruntur,
488 1962 540 2001 ita
556 1970 688 2002 tamen
710 1971 752 2001 ut
774 1976 892 2002 nemo
913 1962 991 2000 iam
1006 1969 1068 2002 eat
1089 1961 1231 2000 infitias
1251 1975 1274 2000 a
1296 1963 1473 2002 Phaedro

144 2040 209 2066 eas
246 2041 330 2067 esse
369 2029 575 2078 profectas.
648 2030 831 2067 Perottus
872 2041 952 2078 quo
998 2029 1120 2066 modo
1159 2027 1198 2066 in
1239 2028 1473 2078 refingendis

143 2094 195 2132 ad
234 2106 327 2132 usus
366 2106 458 2133 suos
492 2092 659 2133 Phaedri
696 2092 837 2132 sabulis
876 2093 996 2143 egerit
1030 2106 1171 2144 operae
1210 2091 1375 2142 pretium
1416 2099 1473 2131 est

145 2172 396 2211 cognoscere.
454 2160 576 2198 homo
615 2158 864 2198 mediocriter
899 2160 1050 2207 doctus,
1083 2160 1279 2209 elegorum
1312 2156 1474 2207 scriptor

145 2238 227 2264 non
266 2224 434 2272 infimus,
476 2225 517 2263 in
560 2224 700 2264 iambis
741 2238 882 2276 magna
921 2224 1004 2263 siue
1043 2225 1191 2263 incuria
1229 2237 1297 2262 seu
1342 2221 1473 2272 potius

146 2289 300 2329 inscitia
345 2298 540 2341 grassatus
586 2304 732 2337 uersus,
774 2290 873 2329 sicut
917 2291 955 2328 in
998 2289 1136 2328 codice
1179 2295 1287 2327 erant
1327 2287 1470 2337 scripti,

146 2357 277 2409 specie
307 2357 467 2408 quidem
499 2360 681 2406 seruauit,
707 2372 902 2404 numer08‚
926 2359 1034 2408 quod
1065 2358 1127 2396 uel
1157 2370 1203 2395 ex
1233 2355 1353 2407 ipsius
1386 2368 1472 2406 pro·

146 2425 236 2474 logo
252 2423 347 2462 satis
368 2433 542 2473 apparet.
558 2437 743 2474 persaepe
761 2423 931 2472 corrupit
949 2436 1021 2461 nec
1037 2434 1220 2460 numeros
1239 2422 1300 2460 ille
1320 2428 1468 2458 tantum

795 2503 815 2525 v
