1747 2745
215 165 472 203 PHAEDRI
505 166 851 203 FABVLARVM

629 299 706 336 XX
738 298 874 351 (xxi)

510 384 676 415 VVLPIS
704 385 761 415 ET
786 385 949 417 DRACO

266 463 440 508 VVLPEs,
474 462 604 500 cubile
635 462 789 501 fodiens
820 465 916 502 dum
947 472 1086 503 terram
1117 463 1215 502 cruit

211 526 369 576 agitque
398 527 516 576 pluris
545 526 660 564 altius
690 529 906 576 cuniculos,

213 591 390 642 peruenit
420 593 471 629 ad
501 591 682 630 draconis
713 594 941 642 speluncam
971 592 1161 641 ultimam,

212 657 462 696 custodiebat
491 656 559 707 qui
589 659 820 696 thensauros
850 658 1018 697 abditos.

212 724 318 761 hunc
348 722 463 761 simul
491 724 671 773 adspexit
703 724 807 763 ‘Oro
836 732 878 762 ut
909 723 1182 774 inprudentiae

212 790 282 828 des
312 788 482 839 primum
511 788 695 836 ueniam;
732 787 890 835 deinde,
922 788 952 826 si
984 790 1144 839 pulchre
1174 788 1288 829 uides

212 867 333 904 quam
361 866 443 892 non
473 853 715 892 conueniens
745 867 883 892 aurum
914 853 961 891 sit
991 854 1096 892 uitae
1127 867 1248 901 meae,

213 919 451 970 respondeas
480 920 717 958 clementer:
756 932 875 969 quem
906 920 1075 956 fructum
1106 918 1213 969 capis

213 985 290 1023 hoc
319 998 366 1023 ex
394 984 538 1032 labore,
570 985 731 1034 quodue
762 992 915 1022 tantum
944 991 1002 1023 est
1032 983 1262 1034 praemium,

213 1057 255 1088 ut
284 1063 416 1089 careas
446 1063 588 1088 somno
618 1057 656 1088 et
685 1063 829 1088 aeuum
859 1049 899 1087 in
929 1048 1101 1088 tenebris
1131 1048 1311 1100 exigas?’

215 1117 450 1165 ‘Nullum3’
479 1115 606 1166 inquit
636 1115 700 1154 ille
732 1119 891 1154 ‘uerum
921 1116 998 1153 hoc
1027 1115 1078 1153 ab
1108 1128 1264 1154 summo
1295 1114 1390 1154 mihi

214 1183 312 1221 Ioue
340 1181 584 1221 adtributum
615 1189 673 1220 est
687 1181 705 1219 ⁹.
768 1182 894 1231 ‘Ergo
925 1193 998 1219 nec
1028 1180 1149 1219 sumis
1179 1180 1250 1219 tibi

213 1261 287 1287 nec
316 1248 384 1287 ulli
413 1249 538 1287 donas
569 1246 840 1297 quidquam?’
892 1246 976 1285 ‘Sic
1008 1245 1113 1285 Fatis
1143 1247 1294 1297 placet.’

215 1315 344 1353 ‘Nolo
374 1313 558 1360 irascaris,
591 1312 712 1352 libere
741 1311 773 1350 si
803 1311 961 1350 dixero:

213 1379 272 1419 dis
303 1387 360 1418 est
390 1378 494 1417 iratis
524 1386 639 1416 natus
669 1378 735 1427 qui
767 1385 824 1415 est
854 1376 990 1415 similis
1020 1375 1115 1415 tibi.'

267 1444 456 1483 Abiturus
486 1443 577 1481 illuc
607 1456 687 1492 quo
717 1441 863 1492 priores
892 1442 1086 1488 abierunt,

213 1509 309 1560 quid
339 1517 472 1548 mente
501 1521 618 1546 caeca
649 1508 835 1545 miserum
867 1514 1026 1556 torques
1057 1506 1266 1556 spiritum?

213 1574 283 1613 tibi
314 1573 414 1622 dico,
446 1585 573 1619 auare,
604 1571 794 1622 gaudium
825 1570 980 1609 heredis
1011 1572 1077 1618 tui,

213 1639 280 1690 qui
310 1647 394 1678 ture
424 1651 596 1688 superos,
629 1636 759 1687 ipsum
790 1644 828 1675 te
858 1637 1014 1675 Fraudas
1043 1635 1146 1684 cibo,

212 1705 280 1756 qui
309 1704 426 1744 tristis
455 1703 567 1742 audis
598 1702 792 1741 musicum
824 1702 996 1741 citharae
1025 1714 1181 1750 sonum,

213 1784 331 1822 quem
363 1769 545 1809 tibiarum
576 1776 746 1808 macerat
777 1768 1012 1816 iucunditas,

213 1836 468 1876 obsoniorum
499 1835 622 1886 pretia
650 1834 713 1873 cui
743 1833 933 1885 gemitum
965 1825 1198 1884 exprimunt,

212 1902 290 1953 qui,
323 1904 419 1942 dum
446 1902 683 1952 quadrantes
713 1914 873 1951 aggeras
903 1888 1152 1951 patrimonio,

212 1969 365 2007 caelum
395 1968 531 2017 fatigas
561 1965 722 2005 sordido
753 1966 932 2017 periurio,

212 2034 279 2084 qui
308 2031 556 2072 circumcidis
587 2045 749 2071 omnem
782 2033 988 2084 inpensam
1019 2032 1175 2082 funeris,

215 2097 386 2137 Libitina
415 2110 464 2136 ne
495 2097 590 2143 quid
621 2098 671 2136 de
702 2106 771 2137 tuo
801 2100 915 2137 faciat
946 2099 1072 2137 lucri?

1510 1065 1548 1088 10

1509 1392 1546 1424 15

1508 1716 1548 1738 20

1507 2048 1545 2079 25

254 2203 332 2234 XX.
359 2200 398 2234 H
413 2214 464 2243 70.
524 2204 635 2235 Habct
647 2204 798 2235 Perottus
813 2215 888 2235 cnm
906 2203 1001 2235 titulo
1018 2213 1053 2233 m
1071 2213 1220 2234 AVARVM
1292 2212 1305 2233 1
1331 2202 1453 2242 Vulpis
1469 2202 1547 2233 PR'

211 2258 230 2278 2
255 2248 370 2287 plures
385 2246 420 2277 P
498 2259 517 2287 3
543 2249 692 2280 ultimam
711 2248 761 2279 P:
787 2248 938 2278 intimam
954 2247 1004 2288 (-a
1021 2246 1066 2287 V)
1080 2246 1290 2286 NVBentley
1366 2247 1387 2276 8
1412 2246 1500 2285 rapis
1512 2245 1550 2277 N

214 2302 252 2322 12
276 2291 473 2323 attributum
490 2293 560 2323 NV
692 2303 729 2332 15
754 2292 818 2323 diis
833 2291 905 2322 NV
1031 2291 1079 2322 tui
1103 2292 1149 2322 V:
1174 2290 1234 2321 tibi
1250 2289 1318 2321 ΡΝ
1333 2290 1385 2330 (ut
1399 2289 1544 2327 uidetur)

209 2339 285 2366 ante
300 2336 340 2367 16
356 2337 493 2368 titulum
512 2346 548 2367 IN
566 2347 710 2368 AVARVM
730 2336 849 2366 habent
863 2334 942 2366 PR'
954 2337 983 2366 et
994 2334 1069 2374 NV,
1085 2346 1140 2366 uu.
1155 2336 1259 2365 16-26
1271 2337 1346 2365 ante
1360 2343 1374 2363 1
1388 2333 1547 2364 collocatis

211 2389 249 2409 21
276 2380 467 2411 iocunditas
484 2380 630 2411 PR‘NV
639 2384 669 2412 et
683 2380 806 2411 similia
823 2379 905 2411 alibi
997 2388 1038 2408 22
1063 2378 1207 2413 gemitus
1224 2377 1294 2408 NV
1378 2387 1420 2416 23
1443 2377 1544 2416 quad-

210 2428 307 2454 rante
325 2435 452 2464 augeas
469 2424 668 2464 patrimonia
685 2423 755 2454 NV
848 2433 889 2462 25
916 2422 1023 2452 funeri
1037 2422 1108 2452 NV
1191 2423 1233 2452 26
1259 2420 1403 2451 Libitina
1419 2430 1461 2450 ne
1478 2419 1546 2450 NR

212 2468 353 2508 (Libet.)
372 2468 461 2499 Pith.
477 2479 485 2499 t
511 2468 661 2499 Libitura
679 2478 721 2497 ne
742 2466 788 2498 V:
814 2466 1015 2497 Libetinane
1033 2466 1066 2496 Ρ
1165 2464 1290 2496 lucrum
1308 2464 1384 2494 PR'
1400 2463 1486 2494 unde
1502 2474 1546 2494 ne

212 2513 302 2550 quod
320 2513 565 2543 Rittersltauscn
584 2513 627 2547 al,
