1747 2745
236 657 903 707 PHAEDRIANARVM
956 657 1405 705 FABVLARVM

362 780 771 821 APPENDIX
828 779 1285 821 PEROTTINA

812 951 829 987 1

590 1046 757 1078 SIMIVS
778 1046 842 1077 ET
867 1046 1046 1077 VVLPES

329 1134 480 1165 Auarum
501 1134 602 1164 etiam
621 1133 709 1172 quod
728 1133 788 1163 sibi
807 1139 962 1172 superest
981 1144 1048 1163 non
1067 1132 1216 1180 libenter
1231 1134 1312 1166 dare

285 1223 461 1259 VVLPEM
493 1221 655 1271 rogabat
685 1227 835 1270 partem
867 1220 1017 1257 caudae
1047 1219 1192 1266 simius,

225 1296 300 1339 per
327 1288 486 1326 lammam
515 1300 630 1337 quam
663 1291 771 1323 tanta
804 1286 973 1322 traheret
999 1286 1242 1334 longitudine,
1509 1285 1561 1324 ib

232 1362 440 1404 contegere
470 1354 636 1392 honeste
665 1358 797 1402 posset
828 1358 869 1388 ut
900 1351 1026 1388 nudas
1056 1358 1166 1389 nates
1182 1365 1191 1397 ς

232 1418 294 1458 eui
324 1418 380 1457 sie
410 1417 581 1468 maligna
613 1415 806 1465 ‘Longior
836 1416 901 1454 fiat
931 1415 1032 1462 licet,

232 1493 364 1522 tamen
394 1483 499 1521 illam
531 1480 644 1520 citius
675 1494 742 1531 per
772 1482 895 1518 lutum
929 1488 966 1519 et
997 1479 1128 1530 spinas
1160 1482 1320 1528 traham,

232 1556 381 1599 partem
413 1546 482 1587 tibi
514 1560 630 1598 quam
665 1545 846 1596 quamuis
875 1558 1036 1595 paruam
1069 1544 1276 1595 impartiar,
1544 1562 1560 1592 5

231 1627 308 1653 meo
337 1618 382 1652 ut
409 1613 581 1663 tegimine
611 1618 652 1650 tt(
683 1611 850 1649 m‘dearis
871 1611 1076 1659 pulchrior
1088 1611 1106 1647 '.
1504 1627 1520 1657 5
1536 1610 1562 1648 b

277 1718 302 1751 I.
328 1715 368 1749 H
387 1728 458 1757 104,
474 1714 538 1747 Th
553 1717 606 1755 67.
697 1714 863 1745 Fabulam
883 1725 901 1744 (ι
920 1713 1155 1754 Pampln‘ash's
1164 1713 1295 1754 plenius
1312 1713 1472 1746 redditam
1489 1725 1560 1745 con-

230 1762 332 1795 traxit
346 1762 501 1793 Perottus
550 1771 561 1790 1
577 1759 616 1790 b*
641 1769 777 1789 uersum
795 1758 961 1788 amissum
977 1756 1162 1788 secundum
1180 1758 1423 1798 Pamphrastas
1436 1758 1560 1798 refinxi.

229 1807 367 1837 ln'em‘m
385 1805 465 1845 quid
491 1804 580 1835 enirn
603 1802 710 1842 inquit
733 1801 814 1832 utile
843 1805 894 1832 est
919 1801 977 1830 tibi
1004 1805 1039 1831 ut
1064 1800 1110 1831 sis
1135 1802 1347 1840 ponderosus
1368 1802 1442 1832 sine
1461 1812 1561 1833 causa

231 1856 412 1890 tantaeque
444 1847 666 1887 longitudinis
698 1846 803 1876 cauda
832 1854 931 1884 quam
961 1854 1022 1884 per
1048 1851 1171 1875 terram
1197 1845 1305 1876 trahis
1329 1850 1376 1885 (q.
1399 1856 1427 1876 e.
1452 1846 1472 1876 i.
1501 1845 1560 1876 tibi

232 1894 311 1925 utile
333 1897 450 1924 tantae
471 1892 561 1931 long.
586 1891 725 1921 caudam
751 1900 813 1929 per
826 1894 948 1919 terram
967 1889 1114 1927 trahere)
1138 1888 1214 1928 Ro„
1237 1894 1328 1919 tanta
1350 1889 1561 1928 longitudine

224 1941 372 1979 praestat
393 1936 504 1974 Wz'ss.,
522 1933 594 1966 Ad.
613 1933 779 1964 enam'dus
795 1937 841 1963 est
912 1942 931 1962 2
947 1932 1093 1972 sortasse
1109 1932 1252 1963 honeste
1269 1932 1345 1962 hinc
1361 1943 1436 1963 cum
1454 1932 1561 1963 Para-

225 1982 380 2022 plzrastae
401 1984 566 2022 praestent
593 1977 768 2018 (Rogabat
793 1977 911 2008 simius
935 1977 998 2016 <-a)
1024 1976 1173 2015 uulpem)
1201 1981 1235 2006 ut
1265 1976 1306 2006 de
1333 1976 1560 2016 magnitudine

230 2026 354 2057 caudae
377 2035 458 2056 suae
483 2024 545 2054 sibi
576 2023 672 2053 daret
701 2022 806 2052 unde
833 2020 901 2060 (uel
927 2020 1125 2061 particulam
1151 2020 1212 2050 sibi
1236 2020 1329 2050 daret
1358 2021 1438 2060 qua)
1464 2026 1559 2052 nates

231 2079 310 2101 suas
334 2068 546 2109 turpissimas
567 2071 703 2106 tegeret
725 2070 755 2096 et
774 2066 896 2096 similia
997 2075 1017 2105 5
1042 2075 1139 2105 quam
1158 2065 1216 2096 tibi
1234 2064 1406 2104 impartiar
1422 2075 1559 2104 paruam

232 2116 317 2154 Q-um
338 2112 383 2154 V)
401 2112 553 2153 quamuis
572 2116 702 2152 partem
719 2109 787 2141 NV
804 2110 938 2151 (Npost
958 2111 1110 2150 quamuis
1133 2111 1294 2150 scriptum
1317 2109 1415 2139 habet
1437 2109 1561 2140 bonum

230 2156 288 2188 sed
308 2157 424 2188 lineola
450 2156 681 2197 expunctum).
731 2165 847 2186 uersus
875 2155 971 2185 uerba
1002 2155 1119 2186 ultima
1147 2165 1209 2196 quo
1237 2154 1375 2186 Mueller
1398 2159 1427 2185 ct
1452 2154 1563 2186 Have!

230 2200 340 2232 ordine
359 2200 517 2241 collocans,
542 2199 631 2240 quod
649 2199 697 2231 ad
709 2201 824 2240 prima
846 2200 969 2239 attinet,
994 2200 1050 2239 illi,
1072 2200 1131 2230 tibi
1153 2210 1185 2239 q.
1206 2205 1335 2239 partem
1360 2199 1505 2238 Mueller,
1526 2211 1556 2240 q.

230 2245 287 2276 tibi
305 2245 501 2285 particulam
519 2244 640 2283 Havet,
660 2243 828 2275 ediderunt
964 2244 1033 2283 5b*
1057 2243 1235 2275 secundum
1257 2243 1559 2284 Paraphrastarum

229 2289 348 2320 indicia
375 2288 451 2320 dedi
474 2300 518 2320 ne
547 2294 583 2320 tu
612 2298 689 2319 meo
717 2292 913 2327 tegumento
941 2287 1112 2328 pulchrior
1138 2287 1285 2318 uideatis
1311 2288 1391 2327 (neu
1420 2292 1454 2318 tu
1482 2297 1560 2318 meo

231 2339 351 2365 ornatu
365 2333 531 2406 liiidereris
546 2331 715 2373 pulchrior
725 2331 817 2373 Ra),
831 2342 874 2363 ne
887 2342 963 2362 meo
979 2332 1140 2371 tegimine
1154 2330 1296 2371 pulcher
1305 2330 1403 2372 (νας.)
1413 2331 1559 2363 uideatis

248 2388 311 2408 ras.
351 2376 364 2407 Ῑ
394 2378 448 2408 iss.

231 2377 244 2418 <
273 2378 356 2453 P0)st
379 2420 466 2451 lianc
482 2419 642 2460 fabulam
666 2419 786 2450 XXXI
811 2419 933 2450 exhibet
957 2419 1117 2454 Perottus.
1146 2428 1243 2458 quem
1267 2418 1416 2459 sequitur
1438 2417 1556 2459 Havet,

229 2465 322 2497 ceteri
335 2468 373 2495 ut
385 2463 536 2502 Jannelli
549 2463 709 2503 adfinem
726 2462 923 2504 Appendias
937 2473 1009 2493 eam
1028 2463 1160 2493 reiciunt
