1747 2745
225 123 483 162 PHAEDRI
517 125 864 164 FABVLARVM

223 241 369 273 uestras
400 235 439 272 in
468 235 621 274 chartas
650 235 771 275 uerba
800 237 1013 277 transfertis
1043 251 1141 286 mea,

221 298 466 350 dignumque
494 301 611 351 longa
641 300 821 340 iudicatis
851 303 1051 342 memoria.

221 365 475 408 inlitteratum
505 367 687 416 plausum
718 380 791 405 nec
821 368 1015 409 desidero.
1513 390 1554 413 20

727 496 747 535 I

533 579 705 613 Asmvs
731 581 788 613 ET
817 581 968 614 GALLJ

274 659 356 708 QVI
386 666 501 698 natus
531 667 589 698 est
619 658 762 708 infelix,
791 673 873 698 non
903 660 1024 699 uitam
1057 662 1177 700 modo

217 724 368 762 tristem
397 725 577 771 decurrit,
609 738 746 763 uerum
776 732 865 776 post
893 725 1046 764 obitum
1077 740 1236 777 quoque

218 788 463 839 persequitur
492 788 602 827 illum
631 790 729 827 dura
759 791 824 827 sati
857 789 1021 828 miseria.

271 853 375 892 Galli
405 853 590 903 Cybebes
619 855 767 892 circum
797 854 836 892 in
866 863 1052 904 quaestus
1082 857 1226 894 ducere

217 920 372 958 asinum
401 920 591 966 solebant,
625 918 865 958 baiulantem
898 919 1078 959 sarcinas.
1112 961 1117 967 ‚
1533 939 1550 973 5

218 984 248 1023 is
278 998 369 1023 cum
400 983 534 1023 labore
562 990 602 1023 et
631 984 754 1035 plagis
783 992 884 1024 esset
917 993 1103 1034 mortuus,

217 1051 391 1090 detracta
420 1052 521 1101 pelle
552 1049 626 1088 sibi
656 1051 831 1089 fecerunt
860 1058 1057 1101 tympana.

217 1115 338 1167 rogati
369 1130 460 1155 mox
487 1129 511 1155 a
538 1116 725 1166 quodam,
758 1115 901 1155 delicio
931 1130 1002 1156 suo

216 1180 407 1231 quidnam
438 1180 632 1229 fecissent,
663 1181 741 1219 hoe
769 1181 891 1220 locuti
921 1189 1011 1220 sunt
1043 1183 1187 1221 modo:

219 1247 410 1285 ‘Putabat
440 1260 481 1286 se
511 1254 598 1297 post
628 1254 794 1285 mortem
826 1260 1006 1286 securum
1037 1249 1142 1288 fore:
1511 1265 1551 1288 10

216 1326 309 1352 ecce
337 1312 436 1351 aliae
464 1314 602 1365 plagae
631 1321 895 1362 congeruntur
924 1321 1079 1352 mortuo
1096 1315 1125 1352 1'
1547 1316 1556 1321 ”

703 1445 745 1482 II

652 1537 802 1569 POETA

271 1626 487 1663 IOCVLARE
514 1620 586 1660 tibi
616 1620 820 1661 uidemur:
859 1628 898 1660 et
927 1633 1023 1660 sane
1050 1620 1142 1668 leui,

215 1691 311 1729 dum
341 1690 395 1727 nil
425 1688 618 1726 habemus
649 1688 786 1734 maius,
817 1688 971 1725 calamo
998 1686 1184 1725 ludimus,

214 1755 284 1794 sed
314 1753 521 1804 diligenter
549 1751 701 1802 intuere
730 1752 799 1790 has
829 1751 965 1790 nenias
981 1765 992 1800 3

261 1855 299 1885 18
324 1852 514 1884 transfertis
537 1850 624 1881 Psm.
642 1862 649 1881 ε
674 1850 886 1881 transferetis
902 1849 978 1881 PR'
1069 1861 1108 1890 19
1132 1850 1319 1891 dignosque
1337 1851 1394 1892 (sc.
1412 1851 1547 1884 labores

215 1899 323 1938 meos)
342 1897 444 1936 longa
462 1895 612 1926 iudicant
629 1895 789 1925 memoria
805 1894 958 1925 Perottus
1091 1893 1134 1925 ἑο
1158 1894 1363 1926 inliteratum
1380 1895 1546 1937 Schoppe:
1571 1923 1574 1925 Α

215 1943 248 1973 in
265 1942 450 1973 litterarum
469 1937 545 1970 PR'
636 1948 699 1968 nec
717 1938 920 1968 F1ee'nsl1e1·m
937 1937 1097 1977 Sclxeffer:
1123 1938 1172 1968 ire
1187 1937 1253 1968 PR

259 1986 283 2017 I.
310 1982 349 2015 H
362 1985 411 2024 78,
426 1979 490 2013 Th
508 1983 561 2014 68.
632 1991 786 2012 GALLINA
798 1980 882 2013 PR':
894 1992 973 2012 corr.
989 1981 1077 2012 Pitlz.
1118 1981 1480 2022 ApudPampltrastas
1493 1993 1545 2013 ne-
1596 2004 1600 2007 -

214 2031 293 2061 scios
311 2026 435 2059 ‘Galli’
457 2027 518 2068 qui
532 2025 601 2056 uiri
612 2028 717 2056 essent
729 2024 852 2065 sabula
868 2035 907 2055 ex
924 2029 988 2055 tolo
1004 2025 1109 2064 reficla
1125 2028 1171 2055 est
1262 2036 1281 2064 4
1307 2025 1339 2056 in
1354 2025 1546 2058 add.He1·n-

213 2073 293 2113 sius,
310 2072 401 2104 Gude
491 2075 651 2110 quaestus
668 2068 706 2099 de
719 2069 834 2099 Meurs
849 2080 855 2099 :
880 2074 1019 2108 questus
1032 2068 1117 2099 PR:
1137 2073 1279 2108 quaestu
1296 2068 1437 2109 Spqyer:
1459 2068 1544 2099 lucri

214 2127 312 2148 causa
325 2115 392 2146 Ad.
409 2115 491 2148 Ro.:
519 2115 559 2146 ad
578 2113 661 2144 lucri
680 2124 811 2144 causam
835 2111 930 2143 lViss.
1028 2113 1049 2141 6
1071 2112 1268 2143 sententiam
1286 2111 1426 2143 reddunt
1436 2112 1543 2143 Pam-

211 2162 365 2199 phrastae
393 2159 538 2190 lassatus
565 2164 597 2189 et
623 2164 801 2198 quassatur
825 2157 884 2187 Ro.
905 2168 912 2188 :
937 2155 1055 2196 plagas
1082 2156 1116 2196 (l.
1142 2156 1268 2197 plagis)
1295 2160 1328 2186 et
1353 2156 1407 2187 uia
1434 2156 1543 2188 lassus

218 2203 312 2237 Wiss.
428 2214 444 2243 7
471 2210 636 2244 tympana
655 2208 687 2233 et
707 2202 843 2233 cribella
859 2201 1105 2241 Paraplzrastae
1216 2210 1237 2238 9
1262 2200 1363 2231 iocati
1379 2200 1544 2231 Heinsius

216 2259 255 2280 10
283 2249 422 2289 putabat
448 2253 526 2287 post
557 2251 700 2277 mortem
733 2257 769 2277 se
805 2256 880 2277 esse
911 2255 1068 2276 securum
1102 2242 1161 2283 <sic
1181 2243 1265 2282 sete)
1296 2243 1544 2285 Paraphrastae

216 2303 227 2323 1
240 2303 251 2323 1
279 2298 413 2323 mortuo
434 2291 522 2322 Pitlz.
539 2302 545 2322 :
572 2290 694 2321 mortui
710 2289 788 2320 PR‘

258 2336 299 2367 11.
327 2333 366 2367 H
385 2336 499 2374 78-79,
520 2331 583 2364 Th
601 2345 651 2374 72.
746 2333 781 2364 1*
805 2332 953 2364 ioculare
976 2332 1174 2363 Tzschucke:
1199 2331 1363 2362 ioculares
1383 2331 1543 2363 Heinsius

213 2381 365 2411 uidemur
382 2378 540 2408 Heinsius
557 2378 600 2409 al.
619 2390 625 2408 :
651 2377 783 2408 uidetur
801 2377 833 2407 P
927 2387 946 2406 2
971 2377 1017 2406 nil
1033 2375 1189 2406 Mueller:
1216 2375 1296 2405 nihil
1316 2375 1350 2405 P
1436 2376 1543 2406 maius

212 2424 298 2455 Pitlz.
320 2423 454 2463 ‹fxmaiius
473 2422 594 2459 Havet)
611 2432 618 2451 :
645 2430 743 2451 manu
759 2420 824 2451 PR
914 2420 1041 2451 calamo
1060 2419 1144 2450 Pitlz.
1163 2431 1170 2451 :
1195 2419 1322 2450 calomo
1338 2419 1405 2450 PR
