1747 2745
821 182 988 219 LIBER
1019 182 1307 221 SECVNDVS
1340 180 1461 218 IV—xs

138 301 231 339 aper
260 288 435 339 rapinam
466 288 593 327 uitans
625 302 703 327 non
734 291 864 340 prodit
894 291 1004 329 foras

139 353 235 403 quid
266 355 416 392 multa?
455 354 584 393 inedia
614 363 703 393 sunt
734 356 957 406 consumpti
988 369 1076 394 cum
1109 355 1196 401 suis,

140 417 302 469 selisque
332 418 469 457 catulis
499 421 641 470 largam
674 419 935 470 praebuerunt
965 421 1121 471 dapem.

194 484 399 532 Quantum
431 485 551 523 homo
582 484 764 535 bilinguis
795 499 909 535 saepe
939 487 1149 523 concinnet
1181 484 1281 531 mali,
1429 501 1463 530 25

140 549 426 588 documentum
457 550 601 589 habere
631 550 723 588 hinc
752 551 870 588 stulta
899 550 1107 589 credulitas
1139 558 1277 600 potest.

624 683 660 718 Χῖ

300 771 388 804 ΤῙΒ.
413 771 601 804 CAESAR
627 772 691 804 AD
715 772 986 805 ATRIENSEM

198 851 281 889 EST
309 850 555 889 ardalionum
586 853 781 901 quaedam
815 853 967 890 Romae
997 849 1113 898 natio,

143 915 294 966 trepide
323 929 571 964 concursans,
605 925 795 968 occupata
825 916 864 955 in
895 917 986 964 otio,

142 980 258 1032 gratis
287 983 487 1030 anhelans,
521 983 642 1020 multa
672 983 827 1032 agendo
856 982 910 1020 nil
939 996 1068 1032 agens,

143 1046 217 1085 sibi
247 1048 412 1086 molesta
441 1054 479 1085 et
508 1046 592 1085 aliis
621 1047 880 1086 odiosissima.

144 1113 247 1151 hanc
275 1113 498 1161 emendare,
533 1112 564 1150 si
594 1119 726 1151 tamen
757 1125 928 1163 possum,
962 1113 1054 1150 uolo
1455 1127 1471 1158 5

145 1190 237 1217 uera
266 1178 407 1216 fabella
423 1191 432 1225 ;
470 1178 636 1227 pretium
668 1186 725 1216 est
755 1191 896 1228 operae
925 1178 1137 1215 attendere.

199 1243 344 1284 Caesar
373 1242 556 1282 Tiberius
585 1256 675 1281 curn
707 1251 843 1293 petens
875 1242 1084 1292 Neapolim

146 1307 185 1346 in
217 1308 487 1347 Misenensem
518 1308 651 1347 uillam
681 1308 855 1347 uenisset
886 1321 1008 1353 suam,

147 1386 259 1424 quae,
292 1381 428 1412 monte
457 1387 614 1412 summo
644 1373 773 1424 posita
804 1375 955 1412 Luculli
985 1387 1114 1420 manu,

147 1446 370 1490 prospectat
400 1439 574 1478 Siculum
605 1447 642 1478 et
672 1439 828 1489 respicit
857 1440 1032 1477 Tuscum
1064 1450 1180 1483 mare,
1438 1451 1476 1472 10

147 1518 194 1543 ex
221 1505 300 1543 alte
329 1503 467 1543 cinctis
497 1517 598 1543 unus
627 1504 871 1551 atriensibus,

147 1569 211 1609 cui
241 1569 373 1608 tunica
401 1569 453 1608 ab
483 1569 626 1609 umeris
656 1571 778 1608 linteo
808 1568 965 1608 Pelusio

149 1643 230 1675 erat
259 1635 454 1684 destricta,
487 1636 594 1674 cirris
623 1634 952 1685 dependentibus,

149 1701 448 1754 perambulante
478 1702 580 1740 laeta
608 1699 772 1740 domino
802 1698 949 1745 uiridia,

150 1768 306 1807 alueolo
335 1766 467 1817 coepit
496 1766 626 1817 ligneo
656 1777 914 1815 conspargere
1442 1774 1478 1804 15

152 1836 316 1873 humum
347 1839 604 1879 aestuantem,
637 1831 785 1868 iactans
816 1828 987 1868 officium
1017 1840 1176 1866 comae:

152 1901 222 1940 sed
251 1899 461 1939 deridetur.
521 1896 614 1937 inde
643 1895 746 1934 notis
777 1894 940 1933 flexibus

155 1963 365 2017 praecurrit
394 1962 512 2003 alium
543 1962 583 2000 in
613 1968 777 2010 xystum,
810 1960 951 1998 sedans
980 1959 1194 2007 puluerem.

198 2073 242 2102 26
265 2070 343 2101 hinc
360 2068 436 2100 add.
455 2066 610 2106 Bentley:
632 2076 696 2096 om.
718 2064 750 2094 P
1252 2101 1258 2107 ¹
1336 2100 1342 2106 .
1417 2100 1423 2106 ὓ

202 2114 243 2145 V.
269 2110 309 2145 H
325 2113 377 2152 38.
426 2111 469 2142 In
482 2110 575 2142 tilulo
589 2119 669 2140 ιτΕΜ
683 2117 816 2139 CAEsAR
831 2105 907 2137 PR‘
924 2117 930 2136 :
952 2115 1031 2135 corr.
1046 2103 1140 2134 Riese
1207 2112 1226 2131 2
1250 2111 1283 2131 in
1297 2106 1366 2132 otio
1379 2099 1484 2150 Fusa:

158 2158 251 2190 notio
268 2155 342 2187 PR'
432 2155 471 2193 3*
497 2155 540 2185 nil
555 2153 693 2193 Langen
709 2162 716 2182 z
742 2151 825 2182 nihil
843 2149 875 2180 P
949 2149 969 2178 8
995 2149 1027 2178 in
1047 2147 1275 2177 Misenensem
1292 2143 1380 2175 Pitlz.
1395 2154 1402 2173 :
1428 2153 1486 2174 im-

158 2200 391 2232 misiniensem
408 2196 486 2230 PR‘
597 2206 619 2235 9
643 2196 751 2236 posita
767 2193 852 2225 Pillt.
871 2203 877 2222 ε
903 2192 1012 2231 posita
1029 2196 1080 2221 est
1096 2189 1129 2220 P
1229 2187 1357 2218 Luculli
1374 2186 1461 2217 Pt'tlr.
1479 2197 1486 2216 :

159 2243 265 2275 Lucili
283 2242 348 2273 PR
429 2252 469 2272 10
492 2240 630 2281 respicit
643 2239 680 2278 J.
695 2238 731 2269 F.
747 2237 896 2268 Gronov:
922 2234 1083 2275 perspicit
1095 2233 1144 2263 P:
1170 2241 1283 2271 persp.
1304 2231 1356 2261 uel
1371 2240 1485 2279 prosp.

160 2287 215 2318 R:
249 2286 391 2326 despicit
417 2284 521 2325 Guyet
689 2281 745 2312 Η*
769 2281 835 2311 alte
860 2278 1073 2310 Salmasius:
1106 2276 1163 2307 alti
1188 2275 1222 2306 P
1371 2277 1486 2304 emetis

160 2330 209 2362 P:
237 2329 367 2361 cinctus
383 2328 428 2360 R'
522 2337 560 2366 14
585 2327 708 2357 uiridia
724 2325 877 2364 Bongars
894 2335 900 2353 :
925 2321 1096 2352 uiridiaria
1113 2318 1189 2350 PR'
1291 2317 1347 2348 16*
1372 2326 1485 2347 comae

161 2372 275 2405 Pina:
307 2383 403 2404 come
427 2370 528 2402 PR':
558 2370 666 2401 officio
689 2378 817 2400 comam
844 2366 963 2397 Orelli:
992 2374 1088 2394 come
1110 2361 1287 2393 officiolum
1314 2370 1373 2391 nos
1393 2362 1424 2408 fl
1445 2360 1490 2389 sic

163 2416 296 2457 Bentley
326 2416 361 2446 in
394 2415 479 2446 notis
510 2413 660 2445 nondum
698 2412 810 2443 edilis:
851 2420 944 2440 come
976 2407 1121 2439 officium
1161 2405 1317 2436 iactitans
1349 2402 1489 2443 R1gault

166 2461 204 2491 18
229 2464 365 2500 xystum
383 2458 595 2490 Salmasius:
621 2457 742 2488 xistum
760 2454 792 2484 P
