1747 2745
195 155 611 192 PHAEDRIANAE
643 156 761 193 FAB.
795 156 924 195 NOV.
954 158 991 194 X

188 264 309 315 (mox,
342 263 421 315 res)
451 264 489 302 in
520 277 657 315 pacem
692 278 782 303 cun]
817 265 981 305 redisset
1011 265 1227 317 pristinam,

191 329 346 379 utrique
374 330 505 380 generi
538 331 641 368 fraus
675 330 833 369 detecta
865 330 1056 381 apparuit.

189 395 402 433 damnatus
431 407 523 444 ergo
554 403 632 433 tam
667 396 856 446 pudendo
887 396 1052 435 crimine

191 461 318 498 lucem
350 459 544 510 refugiens
576 461 749 499 tenebris
781 473 822 499 se
853 460 946 499 atris
976 461 1167 500 condidit.

246 524 325 574 Qui
356 538 398 563 se
427 526 581 564 duabus
614 526 790 576 partibus
822 525 1063 565 commiserit
1492 542 1531 565 10

192 590 402 641 utrubique
433 591 605 641 ingratus
638 591 745 630 uiuet
777 599 814 629 et
846 592 970 642 turpis
1000 592 1085 631 sibi.

235 696 256 724 6
280 705 358 725 mox
380 693 502 732 addatis,
523 706 590 726 om.
611 696 678 726 Ad.
822 697 1071 728 res—redisset
1087 698 1219 738 scripsi:
1244 698 1414 729 redissent
1437 695 1531 727 Ad.:

192 739 321 768 reuersi
333 744 411 768 sunt
424 739 465 769 ad
479 738 637 779 (ltocsort.
654 741 744 773 recle)
759 741 934 780 pristinam
948 751 1063 780 pacem
1076 741 1139 773 Ro.
1152 746 1292 782 exparte
1359 752 1376 781 7
1396 740 1530 780 utrique

192 782 368 812 Burman*
383 794 389 813 1
411 787 554 822 utroque
569 782 638 814 Ad.
715 785 850 814 detecta
865 783 1020 815 lauder:
1044 786 1187 825 decepta
1199 785 1268 817 Ad.
1336 796 1358 824 9
1381 784 1530 815 tenebris

192 836 229 856 se
245 826 326 857 atris
343 826 495 857 condidit
515 825 666 857 Zander*
684 839 691 858 :
719 838 747 859 a.
774 838 810 858 se
834 828 983 858 condidit
1005 833 1028 860 t.
1046 830 1155 859 noctis
1170 829 1352 869 Ad.‚sotie
1373 833 1471 859 nocte
1493 838 1529 858 sc

192 875 263 900 atra
281 870 440 901 condidit.
485 874 593 901 tamen
605 871 706 911 plane
720 871 787 903 alia
805 871 952 902 indicant
964 872 1026 903 Ro.
1045 873 1257 912 quiexln'bent
1271 873 1448 903 damnatur
1465 895 1473 902 .
1494 896 1501 903 .
1522 896 1529 903 .

194 918 228 944 ut
245 913 351 944 lucem
371 913 475 953 fugiat
495 924 631 954 semper
648 915 924 955 exspoliatusque
944 915 1068 954 plumis
1084 921 1119 947 ut
1137 916 1289 947 noctibus
1302 916 1391 947 uolet
1405 916 1528 954 nudus,

193 956 280 987 unde
295 958 432 988 conicias
446 957 512 989 licet
526 959 677 989 tenebris
693 959 851 998 inplumis
866 959 958 990 uolat
1030 970 1078 997 10,
1096 970 1109 990 1
1119 970 1131 989 1
1150 960 1360 1000 Inpraecepto
1371 958 1532 990 reddendo

193 1000 380 1033 discordant
402 1001 471 1033 Ad.
497 1006 526 1033 et
550 1002 612 1033 Ro.
640 1002 710 1034 Ad.
739 1004 826 1033 enim
850 1002 1061 1034 commendat
1083 1004 1158 1043 quia
1181 1003 1334 1043 quisquis
1357 1013 1376 1033 a
1400 1003 1530 1033 duabus

193 1045 343 1084 partibus
365 1056 401 1076 se
426 1046 593 1077 uindicari
618 1046 788 1076 desiderat
815 1048 965 1085 utrisque
988 1047 1141 1086 ingratus
1165 1047 1309 1086 turpiter
1332 1045 1426 1084 uiuit,
1444 1046 1531 1077 unde

193 1093 280 1119 totus
307 1090 453 1130 pendens
479 1090 534 1129 qui
569 1099 606 1120 se
632 1090 763 1120 duabus
793 1090 980 1120 uenditabit
1009 1090 1157 1129 partibus
1178 1089 1182 1133 1
1204 1091 1353 1130 utrisque
1378 1091 1530 1129 ingratus

193 1133 294 1163 uitam
307 1134 407 1172 deget
420 1135 564 1173 turpiter
572 1132 731 1163 Burman
743 1143 750 1163 t
763 1133 825 1164 Ro.
836 1144 913 1164 uero
925 1135 979 1173 qui
992 1144 1029 1164 se
1041 1135 1168 1165 duabus
1182 1135 1333 1173 partibus
1345 1133 1527 1163 obnoxium

193 1178 410 1208 commiserit.
430 1178 484 1207 hic
502 1182 536 1207 et
555 1176 620 1207 illic
647 1178 799 1215 ingratus
823 1177 906 1208 uiuit
931 1182 963 1208 et
990 1187 1067 1208 reus
1091 1178 1204 1217 potius
1229 1178 1294 1208 erit
1319 1176 1392 1207 sibi.
1445 1176 1534 1215 quod

194 1220 273 1256 dedi,
293 1225 321 1250 el
338 1220 424 1251 illud
437 1224 465 1250 (t
482 1220 558 1250 lares
574 1220 696 1260 respicit
