1747 2745
262 185 771 224 PHAEDRIANARVM
805 188 1150 227 FABVLARYM

259 293 429 343 arguitur
460 294 581 343 miles,
615 297 761 346 rapitur
790 296 831 335 in
861 298 1109 349 praetorium.

260 366 342 396 tum
375 360 545 410 Magnus
578 360 711 410 ‘Quid
741 361 829 402 ais?
865 370 962 403 tune
990 377 1064 412 me,
1099 366 1326 413 commilito,

259 424 424 475 spoliare
454 439 495 464 es
525 426 695 465 ausus?’
734 427 800 467 ille
829 429 1021 468 continuo
1050 439 1222 468 exscreat

259 489 331 528 sibi
362 492 401 529 in
432 491 626 530 sinistram
659 500 696 531 et
727 502 887 544 sputum
918 494 1046 545 digitis
1077 495 1262 545 dissipat:
1556 514 1594 536 ιο

261 554 356 602 ‘Sic,
389 555 608 606 imperator,
643 557 748 595 oculi
779 560 1041 597 exstillescant
1072 561 1158 607 mei,

257 619 288 657 'si
318 620 400 659 uidi
430 628 496 660 aut
525 622 632 671 tetigi
647 622 667 661 ⁹.
727 630 814 661 tum
842 622 901 661 uir
930 623 1051 661 animi
1081 623 1267 674 simplicis·

258 684 296 723 id
326 686 499 724 dedecus
530 694 746 725 castrorum
778 687 940 738 propelli
972 689 1091 737 iubet,

256 763 330 788 nec
359 751 499 789 cadere
531 752 568 788 in
600 751 709 790 illum
741 751 865 791 credit
895 760 1043 791 tantam
1072 744 1291 793 audaciam.

258 815 376 855 breue
406 823 561 866 tempus
593 816 821 865 intercessit,
853 827 892 857 et
922 820 1048 857 fidens
1078 832 1197 858 manu
1556 838 1591 869 ¹5

255 896 378 921 unum
411 883 460 921 de
490 882 632 921 nostris
663 884 906 933 prouocabat
936 884 1133 922 barbarus.

255 947 329 986 sibi
360 946 528 998 quisque
559 947 723 997 metuit3
760 948 874 1000 primi
906 949 983 987 iam
1013 959 1189 988 mussant
1221 952 1352 988 (luces.

255 1015 415 1053 tandem
447 1013 635 1053 cinaedus
667 1014 805 1053 habitu
835 1016 905 1054 sed
938 1017 1045 1053 Mars
1077 1014 1223 1053 uiribus

255 1079 335 1118 adit
367 1078 570 1118 sedentem
604 1094 674 1130 pro
705 1080 890 1119 tribunali
920 1082 1074 1129 ducem,

255 1154 291 1184 et
322 1158 421 1184 uoce
452 1145 560 1184 molli
593 1147 778 1185 ‘Licet?'
809 1159 899 1185 eum
929 1159 1025 1185 uero
1055 1147 1138 1194 eici,
1553 1166 1591 1186 ρο

255 1220 295 1250 ut
325 1211 364 1249 in
394 1224 433 1250 re
463 1211 595 1257 atroci,
631 1214 803 1262 Magnus
835 1213 1086 1250 stomachans
1117 1213 1292 1262 imperat.

254 1285 337 1315 tum
368 1278 529 1327 quidam
561 1277 691 1316 senior
722 1291 768 1316 ex
799 1276 933 1315 amicis
965 1276 1150 1328 principis

257 1345 402 1380 ‘Hunc
432 1355 504 1393 ego
535 1342 729 1381 committi
761 1342 880 1381 satius
912 1344 1091 1381 fortunae
1120 1342 1294 1389 arbitror,

254 1407 292 1445 in
324 1421 403 1457 quo
434 1407 581 1446 iactura
610 1407 707 1446 leuis
739 1415 807 1454 est,
841 1420 958 1457 quam
991 1408 1128 1445 fortem
1159 1409 1296 1454 uirum,

253 1474 318 1524 qui
351 1486 442 1511 casu
473 1472 600 1511 uictus
633 1471 862 1511 temeritatis
893 1481 930 1510 te
959 1479 1094 1522 arguat
1108 1471 1128 1510 ’‚
1551 1490 1587 1520 25

252 1540 417 1577 assensit
449 1540 630 1588 Magnus,
664 1546 701 1576 et
732 1537 908 1588 permisit
938 1536 1049 1575 militi

252 1604 408 1655 prodire
437 1613 597 1652 contra3
638 1604 714 1653 qui,
749 1603 915 1641 mirante
944 1601 1126 1650 exercitu,

251 1669 359 1709 dicto
389 1669 551 1709 celerius
583 1668 705 1707 hostis
737 1667 906 1706 abscidit
936 1676 1065 1718 caput,

251 1734 455 1786 uictorque
485 1734 609 1774 rediit.
671 1733 729 1771 his
761 1740 856 1772 tunc
887 1734 1099 1784 Pompeius
1129 1746 1270 1783 super:

253 1801 444 1847 ‘Corona,
478 1800 599 1846 miles,
634 1798 819 1849 equidem
852 1806 890 1837 te
920 1799 1029 1837 dono
1058 1798 1196 1846 libens,
1549 1814 1588 1844 30

249 1866 341 1916 quia
370 1865 579 1905 uindicasti
611 1866 770 1903 laudem
805 1864 978 1903 Romani
1010 1864 1145 1915 imperi
1163 1879 1172 1912 3

249 1933 318 1971 sed
349 1932 611 1990 exstillescant
642 1930 745 1970 oculi
778 1930 856 1969 sic’
886 1930 1013 1981 inquit
1045 1931 1178 1989 ‘11155’2

247 2006 360 2048 turpe
389 1998 485 2036 illud
516 1997 672 2035 imitans
704 1997 762 2035 ius
794 1996 1002 2035 iurandum
1034 1995 1177 2042 militis,

250 2063 343 2101 ‘nisi
376 2072 416 2102 tu
447 2062 642 2101 abstulisti
676 2063 845 2100 sarcinas
878 2075 1001 2112 nuper
1023 2075 1128 2100 meas
1143 2060 1164 2100 ’.

295 2179 333 2200 10
357 2168 485 2199 dissicit
508 2167 618 2199 Have!
756 2177 793 2206 15
820 2167 928 2198 fidens
954 2177 1055 2197 manu
1071 2164 1238 2204 sannelli:
1265 2176 1366 2196 manu
1389 2164 1498 2196 fidens
1519 2162 1588 2195 NV

250 2214 288 2243 16
313 2212 437 2243 nostris
447 2212 606 2250 Janncllt'.
623 2211 733 2242 Havet
748 2223 756 2242 ε
783 2211 947 2242 Romanis
963 2210 1062 2250 uno
1075 2214 1205 2240 seruato
1218 2220 1236 2240 e
1250 2207 1432 2240 Orelliedd.
1439 2208 1587 2249 plurimi

250 2267 286 2296 17
312 2256 375 2286 iam
393 2255 527 2286 addidi:
555 2257 634 2295 quin
654 2255 814 2286 Mueller:
839 2266 903 2287 om.
923 2254 991 2285 NV
1122 2253 1181 2283 20*
1206 2263 1280 2283 eum
1307 2262 1386 2283 uero
1407 2251 1581 2290 Jannellz':

246 2300 333 2330 enim
352 2310 435 2330 uero
449 2299 519 2329 NV
581 2299 836 2337 eiiciJanneIli:
861 2299 934 2329 elici
951 2299 1058 2329 uirum
1070 2295 1141 2327 NV
1209 2297 1268 2327 28*
1293 2294 1580 2334 hostisJannelIi:

246 2343 333 2374 hosti
351 2342 433 2375 NV:
459 2343 548 2374 hosti
568 2343 732 2382 praecidit
750 2342 908 2373 Burman
1036 2353 1078 2381 29
1102 2341 1200 2371 rediit
1212 2338 1384 2378 sannelli:
1409 2339 1498 2369 redit
1515 2337 1586 2370 NV

244 2397 288 2427 30
312 2386 407 2417 miles
422 2386 592 2425 sarmelli:
617 2386 733 2416 militis
751 2385 821 2415 NV
903 2396 941 2424 31
970 2385 1088 2425 imperi
1105 2382 1431 2423 Juunellirimperii
1448 2381 1521 2412 NV
