1747 2745
232 175 740 216 PHAEDRIANARVM
774 180 1119 218 FABVLARVM

232 285 296 324 ubi
328 286 550 326 nuntiatum
584 298 653 336 est,
687 297 881 329 recreatus
910 291 1062 341 gaudiis

230 352 410 391 hortante
442 354 601 392 Baccho
632 362 670 392 et
700 356 867 402 Venere,
899 357 1025 395 dulcis
1056 356 1204 407 perficit

229 417 473 467 aequalitatis
506 420 605 458 inter
635 422 795 470 plausus
826 421 992 471 nuptias.

228 492 420 533 quaerunt
450 493 631 535 parentes
663 499 731 536 per
761 500 997 537 praeconem
1029 487 1146 525 filiam
1163 503 1172 535 3
1522 503 1562 533 30

228 562 354 588 nouus
384 550 545 589 maritus
574 551 744 602 coniuge
773 552 917 590 amissa
947 553 1064 591 dolet.

227 607 331 663 quid'
353 623 454 654 esset
484 623 616 655 actum
648 611 859 667 postqu’am
890 619 1038 668 populo
1068 617 1248 665 innotuit,

226 692 364 719 omnes
396 683 571 720 fauorem
603 683 912 733 comprobarunt
940 683 1137 722 caelitum.

687 805 761 840 XV

455 888 681 921 AESOPVS
705 889 771 919 ET
790 888 986 921 DOMINA

401 960 509 999 Quam
528 966 649 992 noceat
665 971 769 1001 saepe
786 972 902 992 verum
919 962 1033 993 dicere

280 1035 467 1072 AEsopvs
498 1033 600 1083 turpi
631 1047 721 1071 cum
754 1033 914 1072 seruiret
945 1035 1125 1081 feminae,

225 1111 326 1148 quae
356 1113 397 1138 se
427 1098 677 1150 expingendo
707 1107 835 1138 totum
866 1098 1063 1138 intricaret
1091 1100 1209 1146 diem,

224 1172 375 1203 uestem
406 1164 573 1203 uniones
603 1178 741 1203 aurum
772 1173 977 1215 argentum
1008 1172 1188 1208 sumeret,

224 1243 296 1268 nec
328 1229 532 1277 inueniret,
567 1229 691 1280 digito
722 1231 789 1280 qui
820 1243 861 1269 se
891 1237 1078 1280 tangeret,

225 1294 410 1334 ‘Licetne
442 1296 629 1345 paucis?’
661 1295 788 1346 inquit
820 1297 963 1334 ‘Dicas
978 1297 995 1333 '.
1059 1297 1248 1342 ‘Censeo,
1541 1312 1557 1343 5

222 1360 379 1410 quiduis
411 1360 564 1408 efficies,
600 1362 748 1399 cultum
780 1361 810 1399 si
842 1360 1092 1411 deposueriss

225 1426 414 1463 ‘Adeone
443 1438 512 1475 per
543 1440 605 1464 me
637 1425 776 1464 uideor
808 1425 877 1464 tibi
909 1425 1186 1464 meliuscula?’

224 1491 389 1538 ‘Immo,
423 1490 461 1528 ni
493 1492 659 1538 dederis,
696 1492 851 1541 sponda
881 1490 1049 1529 cessabit
1079 1492 1167 1529 tua.=

225 1557 299 1593 ‘At
330 1569 411 1594 non
442 1556 654 1595 cessabunt
689 1557 830 1594 latera’
862 1555 1063 1606 respondit
1095 1559 1206 1595 ‘tua'
1224 1572 1232 1603 3

221 1628 259 1659 et
288 1620 483 1671 obiurgari
515 1621 625 1660 iussit
659 1623 781 1660 ferula
810 1622 1019 1672 garrulum.
1521 1639 1559 1661 10

220 1693 308 1736 post
339 1688 458 1736 paulo
487 1686 678 1724 armillam
711 1686 812 1725 tollit
843 1687 903 1724 fur
930 1694 1166 1737 argenteam.

220 1765 307 1790 eam
341 1765 421 1790 non
451 1765 638 1802 apparere
668 1759 711 1791 ut
741 1752 893 1791 dictum
923 1760 981 1791 est
1011 1752 1173 1798 mulieri,

221 1816 350 1855 omnis
384 1818 511 1855 furore
543 1819 659 1867 plena
689 1825 816 1864 uocat,
850 1825 888 1856 et
918 1817 1082 1855 uerbera

225 1882 412 1932 proponit
441 1882 584 1932 grauia,
616 1896 754 1921 uerum
788 1883 817 1921 si
850 1896 930 1921 non
961 1882 1138 1922 dixerint.

223 1947 344 1985 ‘Aliis
379 1947 552 1995 minare3
594 1950 679 1987 me'
710 1948 837 1998 inquit
872 1953 973 1987 ‘non
1004 1949 1124 1994 falles,
1157 1961 1242 1993 era;
1519 1963 1555 1996 15

220 2012 347 2063 flagris
379 2026 466 2051 sum
497 2026 644 2061 caesus,
679 2027 816 2052 uerum
847 2013 939 2064 quia
968 2013 1048 2053 dixi
1078 2013 1199 2052 modo
1214 2013 1231 2051 ’.

263 2117 324 2155 27*
337 2117 420 2157 sort.
440 2117 653 2155 reciperatus
747 2119 789 2148 28
817 2118 923 2148 dulcis
940 2118 991 2149 N:
1018 2129 1070 2149 -es
1092 2117 1120 2147 V

263 2160 326 2191 XV
344 2160 487 2200 (XVIIy.
517 2158 557 2191 H
578 2172 648 2192 120.
756 2173 775 2191 2
800 2162 972 2193 intricaret
989 2162 1095 2192 Beck:
1118 2161 1295 2192 intricabat
1312 2160 1397 2191 NV:
1423 2160 1558 2192 tricaret

219 2203 358 2234 *Unellcr
484 2216 503 2243 3
530 2210 662 2236 uestem
679 2205 850 2244 Jannelli:
873 2210 989 2236 uestes
1005 2205 1074 2236 NV
1189 2204 1227 2244 7²¹<
1252 2205 1432 2236 uenustula
1448 2205 1560 2236 Havet

219 2247 315 2278 lmud
331 2248 507 2278 maenus-tc
643 2250 664 2279 8
690 2249 833 2279 cessabit
853 2249 1033 2280 Burman:
1059 2248 1139 2279 -auit
1157 2248 1228 2279 NV
1358 2249 1416 2280 πο*
1443 2248 1556 2279 ferulis

218 2291 344 2322 Bothe:
369 2302 506 2323 seruum
526 2291 596 2322 JVV
675 2307 687 2315 ›
714 2302 749 2322 11
768 2297 856 2332 ‘post
869 2292 968 2332 paulo
985 2303 1014 2324 a.
1034 2297 1057 2324 t.
1073 2293 1125 2322 sur
1140 2292 1260 2323 Orelli:
1289 2292 1389 2332 paulo
1400 2297 1518 2332 posta.
1533 2297 1556 2323 t.

218 2334 286 2364 NV
419 2346 457 2366 12
489 2346 561 2366 eam
592 2336 748 2374 sannelli
770 2340 848 2376 post
879 2341 1026 2375 argente
1038 2346 1095 2366 am
1128 2336 1314 2369 omissumz:
1350 2347 1448 2376 quam
1473 2335 1556 2366 NV:

219 2389 317 2418 quam
341 2380 404 2409 iam
423 2378 536 2410 Havet
671 2389 710 2418 13
737 2379 847 2410 omnis
870 2379 932 2410 sur.
953 2379 1052 2419 plena
1074 2384 1173 2409 uocat
1193 2379 1349 2410 Alueller:
1373 2379 1434 2411 fur.
1456 2379 1556 2418 plena

219 2428 316 2453 uocat
335 2423 444 2453 omnis
463 2422 514 2460 &V
528 2433 578 2453 -es
595 2423 645 2460 Ν)
664 2421 735 2453 NV
839 2428 872 2454 et
892 2422 945 2453 uel
958 2433 996 2453 ac
1015 2422 1154 2453 Cassz'tto
1170 2434 1176 2452 :
1201 2423 1243 2453 ad
1260 2421 1331 2452 NV
1439 2432 1476 2461 15
1502 2432 1555 2453 me

219 2467 327 2506 inquit
346 2466 506 2507 spengel:
534 2467 640 2505 inquit
657 2477 710 2496 me
727 2466 797 2496 NV
883 2477 938 2496 era
959 2466 1079 2496 Orelli:
1105 2471 1194 2496 certe
1213 2466 1282 2495 NV
