<?xml version="1.0" encoding="UTF-8"?>
<!DOCTYPE html PUBLIC "-//W3C//DTD XHTML 1.0 Transitional//EN"
    "http://www.w3.org/TR/xhtml1/DTD/xhtml1-transitional.dtd">
<html xmlns="http://www.w3.org/1999/xhtml" xml:lang="en" lang="en">
 <head>
  <title>
</title>
<meta http-equiv="Content-Type" content="text/html;charset=utf-8" />
  <meta name='ocr-system' content='tesseract 3.04.00' />
  <meta name='ocr-capabilities' content='ocr_page ocr_carea ocr_par ocr_line ocrx_word'/>
</head>
<body>
  <div class='ocr_page' id='page_1' title='image "./fabulaeaesopiae00phaeuoft_0122.png"; bbox 0 0 1747 2745; ppageno 0'>
   <div class='ocr_carea' id='block_1_1' title="bbox 232 159 1122 198">
    <p class='ocr_par' dir='ltr' id='par_1_1' title="bbox 232 159 1122 198">
     <span class='ocr_line' id='line_1_1' title="bbox 232 159 1122 198; baseline 0.003 -3"><span class='ocrx_word' id='word_1_1' title='bbox 232 159 741 197; x_wconf 69' lang='lat' dir='ltr'><strong>PHAEDRIANARVM</strong></span> <span class='ocrx_word' id='word_1_2' title='bbox 775 160 1122 198; x_wconf 59' lang='lat' dir='ltr'>FABVLARYM</span> 
     </span>
    </p>
   </div>
   <div class='ocr_carea' id='block_1_2' title="bbox 228 269 1565 2013">
    <p class='ocr_par' dir='ltr' id='par_1_2' title="bbox 231 269 1564 384">
     <span class='ocr_line' id='line_1_2' title="bbox 231 269 1564 320; baseline 0.002 -14"><span class='ocrx_word' id='word_1_3' title='bbox 231 269 376 307; x_wconf 87' lang='lat' dir='ltr'>claram</span> <span class='ocrx_word' id='word_1_4' title='bbox 405 276 585 308; x_wconf 89' lang='lat' dir='ltr'>assecuta</span> <span class='ocrx_word' id='word_1_5' title='bbox 614 276 672 308; x_wconf 88' lang='lat' dir='ltr'>est</span> <span class='ocrx_word' id='word_1_6' title='bbox 703 270 847 307; x_wconf 83' lang='lat' dir='ltr'>samam</span> <span class='ocrx_word' id='word_1_7' title='bbox 879 277 1008 308; x_wconf 83' lang='lat' dir='ltr'>castae</span> <span class='ocrx_word' id='word_1_8' title='bbox 1039 269 1208 320; x_wconf 86' lang='lat' dir='ltr'>uirginis.</span> <span class='ocrx_word' id='word_1_9' title='bbox 1547 288 1564 319; x_wconf 80' lang='lat'>5</span> 
     </span>
     <span class='ocr_line' id='line_1_3' title="bbox 232 332 1095 384; baseline 0.002 -14"><span class='ocrx_word' id='word_1_10' title='bbox 232 332 391 380; x_wconf 89' lang='lat' dir='ltr'>interea,</span> <span class='ocrx_word' id='word_1_11' title='bbox 423 334 557 372; x_wconf 88' lang='lat' dir='ltr'>fanum</span> <span class='ocrx_word' id='word_1_12' title='bbox 589 333 656 384; x_wconf 87' lang='lat' dir='ltr'>qui</span> <span class='ocrx_word' id='word_1_13' title='bbox 687 334 945 384; x_wconf 82' lang='lat' dir='ltr'>compilarant</span> <span class='ocrx_word' id='word_1_14' title='bbox 976 333 1095 382; x_wconf 88' lang='lat' dir='ltr'>Iouis,</span> 
     </span>
    </p>

    <p class='ocr_par' dir='ltr' id='par_1_3' title="bbox 231 398 1050 450">
     <span class='ocr_line' id='line_1_4' title="bbox 231 398 1050 450; baseline 0.001 -14"><span class='ocrx_word' id='word_1_15' title='bbox 231 398 336 436; x_wconf 88' lang='lat' dir='ltr'>cruci</span> <span class='ocrx_word' id='word_1_16' title='bbox 367 399 490 437; x_wconf 78' lang='lat' dir='ltr'>suffixi</span> <span class='ocrx_word' id='word_1_17' title='bbox 522 400 677 438; x_wconf 89' lang='lat' dir='ltr'>luerunt</span> <span class='ocrx_word' id='word_1_18' title='bbox 707 413 856 450; x_wconf 89' lang='lat' dir='ltr'>poenas</span> <span class='ocrx_word' id='word_1_19' title='bbox 886 399 1050 437; x_wconf 88' lang='lat' dir='ltr'>numini.</span> 
     </span>
    </p>

    <p class='ocr_par' dir='ltr' id='par_1_4' title="bbox 232 463 1121 514">
     <span class='ocr_line' id='line_1_5' title="bbox 232 463 1121 514; baseline 0.001 -13"><span class='ocrx_word' id='word_1_20' title='bbox 232 464 372 502; x_wconf 87' lang='lat' dir='ltr'>horum</span> <span class='ocrx_word' id='word_1_21' title='bbox 404 463 586 514; x_wconf 84' lang='lat' dir='ltr'>reliquias</span> <span class='ocrx_word' id='word_1_22' title='bbox 616 478 667 503; x_wconf 87' lang='lat' dir='ltr'>ne</span> <span class='ocrx_word' id='word_1_23' title='bbox 696 464 784 513; x_wconf 85' lang='lat' dir='ltr'>quis</span> <span class='ocrx_word' id='word_1_24' title='bbox 814 471 946 514; x_wconf 86' lang='lat' dir='ltr'>posset</span> <span class='ocrx_word' id='word_1_25' title='bbox 975 465 1121 511; x_wconf 87' lang='lat' dir='ltr'>tollere,</span> 
     </span>
    </p>

    <p class='ocr_par' dir='ltr' id='par_1_5' title="bbox 231 528 1042 576">
     <span class='ocr_line' id='line_1_6' title="bbox 231 528 1042 576; baseline 0.001 -10"><span class='ocrx_word' id='word_1_26' title='bbox 231 529 417 566; x_wconf 90' lang='lat' dir='ltr'>custodes</span> <span class='ocrx_word' id='word_1_27' title='bbox 447 529 589 567; x_wconf 86' lang='lat' dir='ltr'>dantur</span> <span class='ocrx_word' id='word_1_28' title='bbox 619 528 762 567; x_wconf 81' lang='lat' dir='ltr'><strong>milites</strong></span> <span class='ocrx_word' id='word_1_29' title='bbox 792 529 1042 576; x_wconf 84' lang='lat' dir='ltr'>cadauerum,</span> 
     </span>
    </p>

    <p class='ocr_par' dir='ltr' id='par_1_6' title="bbox 230 593 1565 709">
     <span class='ocr_line' id='line_1_7' title="bbox 233 593 1565 644; baseline 0.001 -13"><span class='ocrx_word' id='word_1_30' title='bbox 233 601 535 632; x_wconf 83' lang='lat' dir='ltr'>monumentum</span> <span class='ocrx_word' id='word_1_31' title='bbox 567 593 682 640; x_wconf 77' lang='lat' dir='ltr'>iuxta,</span> <span class='ocrx_word' id='word_1_32' title='bbox 716 594 855 632; x_wconf 90' lang='lat' dir='ltr'>mulier</span> <span class='ocrx_word' id='word_1_33' title='bbox 884 608 965 644; x_wconf 86' lang='lat' dir='ltr'>quo</span> <span class='ocrx_word' id='word_1_34' title='bbox 995 608 1035 632; x_wconf 84' lang='lat' dir='ltr'>se</span> <span class='ocrx_word' id='word_1_35' title='bbox 1066 595 1285 632; x_wconf 75' lang='lat' dir='ltr'>incluserat.</span> <span class='ocrx_word' id='word_1_36' title='bbox 1528 610 1565 632; x_wconf 88' lang='lat'>10</span> 
     </span>
     <span class='ocr_line' id='line_1_8' title="bbox 230 658 1084 709; baseline 0.001 -13"><span class='ocrx_word' id='word_1_37' title='bbox 230 658 446 709; x_wconf 83' lang='lat' dir='ltr'>aliquando</span> <span class='ocrx_word' id='word_1_38' title='bbox 476 658 611 697; x_wconf 89' lang='lat' dir='ltr'>sitiens</span> <span class='ocrx_word' id='word_1_39' title='bbox 641 673 743 697; x_wconf 91' lang='lat' dir='ltr'>unus</span> <span class='ocrx_word' id='word_1_40' title='bbox 773 660 824 698; x_wconf 90' lang='lat' dir='ltr'>de</span> <span class='ocrx_word' id='word_1_41' title='bbox 854 659 1084 698; x_wconf 82' lang='lat' dir='ltr'>custodibus</span> 
     </span>
    </p>

    <p class='ocr_par' dir='ltr' id='par_1_7' title="bbox 231 724 1131 774">
     <span class='ocr_line' id='line_1_9' title="bbox 231 724 1131 774; baseline 0.001 -13"><span class='ocrx_word' id='word_1_42' title='bbox 231 737 375 774; x_wconf 84' lang='lat' dir='ltr'>aquarn</span> <span class='ocrx_word' id='word_1_43' title='bbox 405 725 555 774; x_wconf 88' lang='lat' dir='ltr'>rogauit</span> <span class='ocrx_word' id='word_1_44' title='bbox 585 724 716 763; x_wconf 88' lang='lat' dir='ltr'>media</span> <span class='ocrx_word' id='word_1_45' title='bbox 746 733 865 764; x_wconf 90' lang='lat' dir='ltr'>nocte</span> <span class='ocrx_word' id='word_1_46' title='bbox 894 724 1131 771; x_wconf 85' lang='lat' dir='ltr'>ancillulam,</span> 
     </span>
    </p>

    <p class='ocr_par' dir='ltr' id='par_1_8' title="bbox 231 789 1168 839">
     <span class='ocr_line' id='line_1_10' title="bbox 231 789 1168 839; baseline 0.002 -13"><span class='ocrx_word' id='word_1_47' title='bbox 231 802 332 839; x_wconf 82' lang='lat' dir='ltr'>quae</span> <span class='ocrx_word' id='word_1_48' title='bbox 361 790 460 828; x_wconf 83' lang='lat' dir='ltr'>sorte</span> <span class='ocrx_word' id='word_1_49' title='bbox 489 789 676 829; x_wconf 88' lang='lat' dir='ltr'>dominae</span> <span class='ocrx_word' id='word_1_50' title='bbox 705 798 800 829; x_wconf 89' lang='lat' dir='ltr'>tunc</span> <span class='ocrx_word' id='word_1_51' title='bbox 829 790 1045 829; x_wconf 79' lang='lat' dir='ltr'>adsistebat</span> <span class='ocrx_word' id='word_1_52' title='bbox 1076 803 1168 828; x_wconf 80' lang='lat' dir='ltr'>suae</span> 
     </span>
    </p>

    <p class='ocr_par' dir='ltr' id='par_1_9' title="bbox 230 854 1134 906">
     <span class='ocr_line' id='line_1_11' title="bbox 230 854 1134 906; baseline 0.002 -14"><span class='ocrx_word' id='word_1_53' title='bbox 230 854 445 893; x_wconf 82' lang='lat' dir='ltr'>dormitum</span> <span class='ocrx_word' id='word_1_54' title='bbox 476 855 607 903; x_wconf 76' lang='lat' dir='ltr'>eunti3</span> <span class='ocrx_word' id='word_1_55' title='bbox 648 869 820 906; x_wconf 82' lang='lat' dir='ltr'>namque</span> <span class='ocrx_word' id='word_1_56' title='bbox 849 855 1134 902; x_wconf 84' lang='lat' dir='ltr'>lucubrauerat,</span> 
     </span>
    </p>

    <p class='ocr_par' dir='ltr' id='par_1_10' title="bbox 231 920 1562 1036">
     <span class='ocr_line' id='line_1_12' title="bbox 231 920 1562 971; baseline 0.001 -13"><span class='ocrx_word' id='word_1_57' title='bbox 231 926 267 959; x_wconf 90' lang='lat' dir='ltr'>et</span> <span class='ocrx_word' id='word_1_58' title='bbox 298 933 424 970; x_wconf 85' lang='lat' dir='ltr'>usque</span> <span class='ocrx_word' id='word_1_59' title='bbox 455 920 493 958; x_wconf 87' lang='lat' dir='ltr'>in</span> <span class='ocrx_word' id='word_1_60' title='bbox 524 935 652 959; x_wconf 89' lang='lat' dir='ltr'>serum</span> <span class='ocrx_word' id='word_1_61' title='bbox 684 921 835 971; x_wconf 89' lang='lat' dir='ltr'>uigilias</span> <span class='ocrx_word' id='word_1_62' title='bbox 867 922 1110 971; x_wconf 79' lang='lat' dir='ltr'>perduxerat.</span> <span class='ocrx_word' id='word_1_63' title='bbox 1528 937 1562 969; x_wconf 81' lang='lat'>15</span> 
     </span>
     <span class='ocr_line' id='line_1_13' title="bbox 231 985 1135 1036; baseline 0.001 -13"><span class='ocrx_word' id='word_1_64' title='bbox 231 987 391 1035; x_wconf 83' lang='lat' dir='ltr'>paulum</span> <span class='ocrx_word' id='word_1_65' title='bbox 423 987 580 1024; x_wconf 83' lang='lat' dir='ltr'>reclusis</span> <span class='ocrx_word' id='word_1_66' title='bbox 612 987 760 1025; x_wconf 87' lang='lat' dir='ltr'>foribus</span> <span class='ocrx_word' id='word_1_67' title='bbox 792 988 903 1025; x_wconf 86' lang='lat' dir='ltr'>miles</span> <span class='ocrx_word' id='word_1_68' title='bbox 934 985 1135 1036; x_wconf 71' lang='lat' dir='ltr'>prospicit,</span> 
     </span>
    </p>

    <p class='ocr_par' dir='ltr' id='par_1_11' title="bbox 231 1049 1191 1102">
     <span class='ocr_line' id='line_1_14' title="bbox 231 1049 1191 1102; baseline 0.002 -14"><span class='ocrx_word' id='word_1_69' title='bbox 231 1049 418 1101; x_wconf 85' lang='lat' dir='ltr'>uidetque</span> <span class='ocrx_word' id='word_1_70' title='bbox 449 1051 641 1101; x_wconf 81' lang='lat' dir='ltr'>egregiam</span> <span class='ocrx_word' id='word_1_71' title='bbox 674 1052 771 1090; x_wconf 83' lang='lat' dir='ltr'>facie</span> <span class='ocrx_word' id='word_1_72' title='bbox 802 1053 966 1102; x_wconf 84' lang='lat' dir='ltr'>pulchra</span> <span class='ocrx_word' id='word_1_73' title='bbox 995 1053 1191 1090; x_wconf 85' lang='lat' dir='ltr'>seminam.</span> 
     </span>
    </p>

    <p class='ocr_par' dir='ltr' id='par_1_12' title="bbox 230 1116 1029 1166">
     <span class='ocr_line' id='line_1_15' title="bbox 230 1116 1029 1166; baseline 0.001 -13"><span class='ocrx_word' id='word_1_74' title='bbox 230 1124 431 1166; x_wconf 89' lang='lat' dir='ltr'>correptus</span> <span class='ocrx_word' id='word_1_75' title='bbox 460 1116 616 1155; x_wconf 87' lang='lat' dir='ltr'>animus</span> <span class='ocrx_word' id='word_1_76' title='bbox 647 1116 736 1155; x_wconf 92' lang='lat' dir='ltr'>ilico</span> <span class='ocrx_word' id='word_1_77' title='bbox 767 1117 1029 1164; x_wconf 84' lang='lat' dir='ltr'>succenditur,</span> 
     </span>
    </p>

    <p class='ocr_par' dir='ltr' id='par_1_13' title="bbox 230 1181 1045 1233">
     <span class='ocr_line' id='line_1_16' title="bbox 230 1181 1045 1233; baseline 0.001 -14"><span class='ocrx_word' id='word_1_78' title='bbox 230 1181 385 1232; x_wconf 86' lang='lat' dir='ltr'>uritque</span> <span class='ocrx_word' id='word_1_79' title='bbox 414 1195 551 1220; x_wconf 87' lang='lat' dir='ltr'>sensus</span> <span class='ocrx_word' id='word_1_80' title='bbox 582 1182 809 1232; x_wconf 86' lang='lat' dir='ltr'>impotentis</span> <span class='ocrx_word' id='word_1_81' title='bbox 839 1182 1045 1233; x_wconf 82' lang='lat' dir='ltr'>cupiditas.</span> 
     </span>
    </p>

    <p class='ocr_par' dir='ltr' id='par_1_14' title="bbox 229 1247 1564 1364">
     <span class='ocr_line' id='line_1_17' title="bbox 231 1247 1564 1294; baseline -0.001 -9"><span class='ocrx_word' id='word_1_82' title='bbox 231 1248 365 1286; x_wconf 89' lang='lat' dir='ltr'>sollers</span> <span class='ocrx_word' id='word_1_83' title='bbox 395 1260 563 1286; x_wconf 88' lang='lat' dir='ltr'>acumen</span> <span class='ocrx_word' id='word_1_84' title='bbox 593 1247 699 1286; x_wconf 87' lang='lat' dir='ltr'>mille</span> <span class='ocrx_word' id='word_1_85' title='bbox 730 1261 866 1286; x_wconf 84' lang='lat' dir='ltr'>causas</span> <span class='ocrx_word' id='word_1_86' title='bbox 897 1247 1057 1294; x_wconf 87' lang='lat' dir='ltr'>inuenit,</span> <span class='ocrx_word' id='word_1_87' title='bbox 1525 1263 1564 1284; x_wconf 90' lang='lat'>20</span> 
     </span>
     <span class='ocr_line' id='line_1_18' title="bbox 229 1312 1073 1364; baseline 0.002 -15"><span class='ocrx_word' id='word_1_88' title='bbox 229 1325 298 1361; x_wconf 90' lang='lat' dir='ltr'>per</span> <span class='ocrx_word' id='word_1_89' title='bbox 327 1325 424 1363; x_wconf 85' lang='lat' dir='ltr'>quas</span> <span class='ocrx_word' id='word_1_90' title='bbox 454 1314 589 1352; x_wconf 84' lang='lat' dir='ltr'>uidere</span> <span class='ocrx_word' id='word_1_91' title='bbox 618 1312 741 1364; x_wconf 86' lang='lat' dir='ltr'>possit</span> <span class='ocrx_word' id='word_1_92' title='bbox 772 1314 877 1351; x_wconf 88' lang='lat' dir='ltr'>illam</span> <span class='ocrx_word' id='word_1_93' title='bbox 908 1312 1073 1363; x_wconf 83' lang='lat' dir='ltr'>saepius.</span> 
     </span>
    </p>

    <p class='ocr_par' dir='ltr' id='par_1_15' title="bbox 230 1376 902 1429">
     <span class='ocr_line' id='line_1_19' title="bbox 230 1376 902 1429; baseline 0.003 -15"><span class='ocrx_word' id='word_1_94' title='bbox 230 1376 429 1415; x_wconf 86' lang='lat' dir='ltr'>cotidiana</span> <span class='ocrx_word' id='word_1_95' title='bbox 458 1386 572 1429; x_wconf 88' lang='lat' dir='ltr'>capta</span> <span class='ocrx_word' id='word_1_96' title='bbox 601 1377 902 1425; x_wconf 86' lang='lat' dir='ltr'>consuetudine,</span> 
     </span>
    </p>

    <p class='ocr_par' dir='ltr' id='par_1_16' title="bbox 230 1441 1130 1491">
     <span class='ocr_line' id='line_1_20' title="bbox 230 1441 1130 1491; baseline 0.001 -12"><span class='ocrx_word' id='word_1_97' title='bbox 230 1442 431 1491; x_wconf 83' lang='lat' dir='ltr'>paullatim</span> <span class='ocrx_word' id='word_1_98' title='bbox 462 1444 563 1482; x_wconf 87' lang='lat' dir='ltr'>facta</span> <span class='ocrx_word' id='word_1_99' title='bbox 593 1450 651 1482; x_wconf 90' lang='lat' dir='ltr'>est</span> <span class='ocrx_word' id='word_1_100' title='bbox 680 1444 860 1482; x_wconf 87' lang='lat' dir='ltr'>aduenae</span> <span class='ocrx_word' id='word_1_101' title='bbox 890 1441 1130 1488; x_wconf 85' lang='lat' dir='ltr'>submissior,</span> 
     </span>
    </p>

    <p class='ocr_par' dir='ltr' id='par_1_17' title="bbox 231 1507 1053 1558">
     <span class='ocr_line' id='line_1_21' title="bbox 231 1507 1053 1558; baseline 0 -13"><span class='ocrx_word' id='word_1_102' title='bbox 231 1520 322 1545; x_wconf 85' lang='lat' dir='ltr'>mox</span> <span class='ocrx_word' id='word_1_103' title='bbox 350 1507 467 1546; x_wconf 86' lang='lat' dir='ltr'>artior</span> <span class='ocrx_word' id='word_1_104' title='bbox 496 1508 662 1547; x_wconf 87' lang='lat' dir='ltr'>reuinxit</span> <span class='ocrx_word' id='word_1_105' title='bbox 691 1509 869 1547; x_wconf 88' lang='lat' dir='ltr'>animum</span> <span class='ocrx_word' id='word_1_106' title='bbox 900 1509 1053 1558; x_wconf 89' lang='lat' dir='ltr'>copula.</span> 
     </span>
    </p>

    <p class='ocr_par' dir='ltr' id='par_1_18' title="bbox 230 1572 1561 1688">
     <span class='ocr_line' id='line_1_22' title="bbox 230 1572 1561 1624; baseline 0.002 -15"><span class='ocrx_word' id='word_1_107' title='bbox 230 1572 293 1610; x_wconf 86' lang='lat' dir='ltr'>hic</span> <span class='ocrx_word' id='word_1_108' title='bbox 323 1573 418 1610; x_wconf 90' lang='lat' dir='ltr'>dum</span> <span class='ocrx_word' id='word_1_109' title='bbox 449 1573 646 1611; x_wconf 89' lang='lat' dir='ltr'>consumit</span> <span class='ocrx_word' id='word_1_110' title='bbox 676 1581 812 1612; x_wconf 88' lang='lat' dir='ltr'>noctes</span> <span class='ocrx_word' id='word_1_111' title='bbox 844 1580 976 1611; x_wconf 87' lang='lat' dir='ltr'>custos</span> <span class='ocrx_word' id='word_1_112' title='bbox 1008 1573 1185 1624; x_wconf 78' lang='lat' dir='ltr'>diligens,</span> <span class='ocrx_word' id='word_1_113' title='bbox 1523 1589 1561 1621; x_wconf 87' lang='lat'>25</span> 
     </span>
     <span class='ocr_line' id='line_1_23' title="bbox 230 1636 1097 1688; baseline 0.001 -13"><span class='ocrx_word' id='word_1_114' title='bbox 230 1636 495 1676; x_wconf 85' lang='lat' dir='ltr'>desideratum</span> <span class='ocrx_word' id='word_1_115' title='bbox 527 1646 584 1677; x_wconf 89' lang='lat' dir='ltr'>est</span> <span class='ocrx_word' id='word_1_116' title='bbox 615 1652 755 1688; x_wconf 87' lang='lat' dir='ltr'>corpus</span> <span class='ocrx_word' id='word_1_117' title='bbox 786 1653 832 1678; x_wconf 81' lang='lat' dir='ltr'>ex</span> <span class='ocrx_word' id='word_1_118' title='bbox 862 1652 942 1676; x_wconf 89' lang='lat' dir='ltr'>una</span> <span class='ocrx_word' id='word_1_119' title='bbox 971 1651 1097 1677; x_wconf 88' lang='lat' dir='ltr'>cruce.</span> 
     </span>
    </p>

    <p class='ocr_par' dir='ltr' id='par_1_19' title="bbox 230 1701 1108 1754">
     <span class='ocr_line' id='line_1_24' title="bbox 230 1701 1108 1754; baseline 0.003 -15"><span class='ocrx_word' id='word_1_120' title='bbox 230 1701 407 1741; x_wconf 84' lang='lat' dir='ltr'>turbatus</span> <span class='ocrx_word' id='word_1_121' title='bbox 439 1704 549 1742; x_wconf 88' lang='lat' dir='ltr'>miles</span> <span class='ocrx_word' id='word_1_122' title='bbox 579 1704 724 1741; x_wconf 87' lang='lat' dir='ltr'>factum</span> <span class='ocrx_word' id='word_1_123' title='bbox 755 1703 916 1754; x_wconf 79' lang='lat' dir='ltr'>exponit</span> <span class='ocrx_word' id='word_1_124' title='bbox 946 1703 1108 1742; x_wconf 86' lang='lat' dir='ltr'>mulieri.</span> 
     </span>
    </p>

    <p class='ocr_par' dir='ltr' id='par_1_20' title="bbox 229 1768 1247 1819">
     <span class='ocr_line' id='line_1_25' title="bbox 229 1768 1247 1819; baseline 0.003 -14"><span class='ocrx_word' id='word_1_125' title='bbox 229 1774 267 1804; x_wconf 77' lang='lat' dir='ltr'>at</span> <span class='ocrx_word' id='word_1_126' title='bbox 297 1775 431 1806; x_wconf 89' lang='lat' dir='ltr'>sancta</span> <span class='ocrx_word' id='word_1_127' title='bbox 462 1769 570 1818; x_wconf 86' lang='lat' dir='ltr'>uirgo</span> <span class='ocrx_word' id='word_1_128' title='bbox 603 1770 716 1807; x_wconf 88' lang='lat' dir='ltr'>‘Non</span> <span class='ocrx_word' id='word_1_129' title='bbox 749 1776 807 1808; x_wconf 88' lang='lat' dir='ltr'>est</span> <span class='ocrx_word' id='word_1_130' title='bbox 838 1770 946 1819; x_wconf 87' lang='lat' dir='ltr'>quod</span> <span class='ocrx_word' id='word_1_131' title='bbox 978 1768 1138 1808; x_wconf 86' lang='lat' dir='ltr'>timeas&#39;</span> <span class='ocrx_word' id='word_1_132' title='bbox 1170 1769 1247 1817; x_wconf 61' lang='lat' dir='ltr'>ait:</span> 
     </span>
    </p>

    <p class='ocr_par' dir='ltr' id='par_1_21' title="bbox 229 1831 1077 1885">
     <span class='ocr_line' id='line_1_26' title="bbox 229 1831 1077 1885; baseline 0.002 -15"><span class='ocrx_word' id='word_1_133' title='bbox 229 1831 380 1882; x_wconf 82' lang='lat' dir='ltr'>uirique</span> <span class='ocrx_word' id='word_1_134' title='bbox 410 1847 550 1884; x_wconf 87' lang='lat' dir='ltr'>corpus</span> <span class='ocrx_word' id='word_1_135' title='bbox 580 1834 696 1873; x_wconf 89' lang='lat' dir='ltr'>tradit</span> <span class='ocrx_word' id='word_1_136' title='bbox 726 1835 928 1885; x_wconf 89' lang='lat' dir='ltr'>figendum</span> <span class='ocrx_word' id='word_1_137' title='bbox 961 1834 1077 1883; x_wconf 88' lang='lat' dir='ltr'>cruci,</span> 
     </span>
    </p>

    <p class='ocr_par' dir='ltr' id='par_1_22' title="bbox 228 1888 1562 2013">
     <span class='ocr_line' id='line_1_27' title="bbox 229 1888 1562 1950; baseline 0.008 -16"><span class='ocrx_word' id='word_1_138' title='bbox 229 1910 278 1935; x_wconf 89' lang='lat' dir='ltr'>ne</span> <span class='ocrx_word' id='word_1_139' title='bbox 309 1897 446 1936; x_wconf 83' lang='lat' dir='ltr'>subeat</span> <span class='ocrx_word' id='word_1_140' title='bbox 477 1897 540 1937; x_wconf 89' lang='lat' dir='ltr'>ille</span> <span class='ocrx_word' id='word_1_141' title='bbox 570 1912 717 1949; x_wconf 82' lang='lat' dir='ltr'>poenas</span> <span class='ocrx_word' id='word_1_142' title='bbox 748 1899 1029 1950; x_wconf 83' lang='lat' dir='ltr'>neglegentiae.</span> <span class='ocrx_word' id='word_1_143' title='bbox 1104 1888 1111 1892; x_wconf 45' lang='grc'>’</span> <span class='ocrx_word' id='word_1_144' title='bbox 1521 1914 1562 1945; x_wconf 82' lang='grc'>30</span> 
     </span>
     <span class='ocr_line' id='line_1_28' title="bbox 228 1961 1029 2013; baseline 0.004 -13"><span class='ocrx_word' id='word_1_145' title='bbox 228 1961 283 2001; x_wconf 89' lang='lat' dir='ltr'>sic</span> <span class='ocrx_word' id='word_1_146' title='bbox 313 1964 514 2013; x_wconf 89' lang='lat' dir='ltr'>turpitudo</span> <span class='ocrx_word' id='word_1_147' title='bbox 545 1965 670 2003; x_wconf 86' lang='lat' dir='ltr'>laudis</span> <span class='ocrx_word' id='word_1_148' title='bbox 701 1964 858 2003; x_wconf 87' lang='lat' dir='ltr'>obsedit</span> <span class='ocrx_word' id='word_1_149' title='bbox 888 1966 1029 2003; x_wconf 90' lang='lat' dir='ltr'>locum.</span> 
     </span>
    </p>
   </div>
   <div class='ocr_carea' id='block_1_3' title="bbox 228 2066 1561 2196">
    <p class='ocr_par' dir='ltr' id='par_1_23' title="bbox 228 2066 1561 2196">
     <span class='ocr_line' id='line_1_29' title="bbox 272 2066 1559 2108; baseline 0.003 -12"><span class='ocrx_word' id='word_1_150' title='bbox 272 2066 311 2105; x_wconf 71' lang='lat'>5*</span> <span class='ocrx_word' id='word_1_151' title='bbox 336 2066 492 2107; x_wconf 85' lang='lat' dir='ltr'>uirginis]</span> <span class='ocrx_word' id='word_1_152' title='bbox 505 2067 657 2106; x_wconf 85' lang='lat' dir='ltr'>coniugis</span> <span class='ocrx_word' id='word_1_153' title='bbox 670 2067 855 2098; x_wconf 77' lang='lat' dir='ltr'>Housman</span> <span class='ocrx_word' id='word_1_154' title='bbox 935 2078 972 2108; x_wconf 87' lang='lat'>15</span> <span class='ocrx_word' id='word_1_155' title='bbox 998 2069 1206 2108; x_wconf 85' lang='lat' dir='ltr'>produxerat</span> <span class='ocrx_word' id='word_1_156' title='bbox 1218 2068 1322 2099; x_wconf 68' lang='lat' dir='ltr'><em>Both-c</em></span> <span class='ocrx_word' id='word_1_157' title='bbox 1404 2078 1439 2108; x_wconf 87' lang='lat'>17</span> <span class='ocrx_word' id='word_1_158' title='bbox 1465 2079 1559 2108; x_wconf 82' lang='lat' dir='ltr'>egre-</span> 
     </span>
     <span class='ocr_line' id='line_1_30' title="bbox 228 2109 1561 2152; baseline 0.003 -13"><span class='ocrx_word' id='word_1_159' title='bbox 228 2110 316 2148; x_wconf 76' lang='lat' dir='ltr'>giam</span> <span class='ocrx_word' id='word_1_160' title='bbox 340 2109 451 2141; x_wconf 71' lang='lat' dir='ltr'>Riese:</span> <span class='ocrx_word' id='word_1_161' title='bbox 486 2111 658 2150; x_wconf 85' lang='lat' dir='ltr'>egregiam</span> <span class='ocrx_word' id='word_1_162' title='bbox 688 2117 720 2142; x_wconf 83' lang='lat' dir='ltr'>et</span> <span class='ocrx_word' id='word_1_163' title='bbox 748 2111 941 2143; x_wconf 76' lang='lat' dir='ltr'>Buecheler:</span> <span class='ocrx_word' id='word_1_164' title='bbox 973 2123 1109 2151; x_wconf 78' lang='lat' dir='ltr'>aegram</span> <span class='ocrx_word' id='word_1_165' title='bbox 1132 2118 1166 2142; x_wconf 85' lang='lat' dir='ltr'>et</span> <span class='ocrx_word' id='word_1_166' title='bbox 1191 2112 1273 2143; x_wconf 85' lang='lat' dir='ltr'>NV:</span> <span class='ocrx_word' id='word_1_167' title='bbox 1309 2117 1340 2142; x_wconf 87' lang='lat' dir='ltr'>et</span> <span class='ocrx_word' id='word_1_168' title='bbox 1366 2122 1502 2152; x_wconf 86' lang='lat' dir='ltr'>aegram</span> <span class='ocrx_word' id='word_1_169' title='bbox 1527 2117 1561 2143; x_wconf 85' lang='lat' dir='ltr'>et</span> 
     </span>
     <span class='ocr_line' id='line_1_31' title="bbox 230 2152 1560 2196; baseline 0.002 -13"><span class='ocrx_word' id='word_1_170' title='bbox 230 2152 368 2184; x_wconf 69' lang='lat' dir='ltr'>Mueller</span> <span class='ocrx_word' id='word_1_171' title='bbox 437 2155 474 2184; x_wconf 90' lang='lat'>18</span> <span class='ocrx_word' id='word_1_172' title='bbox 500 2161 678 2195; x_wconf 84' lang='lat' dir='ltr'>correptus</span> <span class='ocrx_word' id='word_1_173' title='bbox 698 2155 857 2186; x_wconf 76' lang='lat' dir='ltr'>Mueller:</span> <span class='ocrx_word' id='word_1_174' title='bbox 882 2161 1060 2195; x_wconf 81' lang='lat' dir='ltr'>corruptus</span> <span class='ocrx_word' id='word_1_175' title='bbox 1076 2155 1146 2186; x_wconf 88' lang='lat' dir='ltr'>NV</span> <span class='ocrx_word' id='word_1_176' title='bbox 1211 2166 1250 2195; x_wconf 92' lang='lat'>19</span> <span class='ocrx_word' id='word_1_177' title='bbox 1273 2156 1404 2195; x_wconf 81' lang='lat' dir='ltr'>uritque</span> <span class='ocrx_word' id='word_1_178' title='bbox 1421 2155 1560 2196; x_wconf 76' lang='lat' dir='ltr'>Speyer:</span> 
     </span>
    </p>
   </div>
   <div class='ocr_carea' id='block_1_4' title="bbox 228 2196 1567 2327">
    <p class='ocr_par' dir='ltr' id='par_1_24' title="bbox 228 2196 1567 2327">
     <span class='ocr_line' id='line_1_32' title="bbox 229 2196 1567 2238; baseline 0.003 -12"><span class='ocrx_word' id='word_1_179' title='bbox 229 2196 400 2236; x_wconf 84' lang='lat' dir='ltr'>uriturque</span> <span class='ocrx_word' id='word_1_180' title='bbox 417 2197 488 2227; x_wconf 91' lang='lat' dir='ltr'>NV</span> <span class='ocrx_word' id='word_1_181' title='bbox 602 2209 724 2229; x_wconf 84' lang='lat' dir='ltr'>sensus</span> <span class='ocrx_word' id='word_1_182' title='bbox 742 2199 938 2238; x_wconf 82' lang='lat' dir='ltr'>impotentis</span> <span class='ocrx_word' id='word_1_183' title='bbox 952 2199 1109 2230; x_wconf 78' lang='lat' dir='ltr'>Mueller:</span> <span class='ocrx_word' id='word_1_184' title='bbox 1134 2199 1257 2230; x_wconf 82' lang='lat' dir='ltr'>sensim</span> <span class='ocrx_word' id='word_1_185' title='bbox 1275 2199 1481 2238; x_wconf 85' lang='lat' dir='ltr'>impudentis</span> <span class='ocrx_word' id='word_1_186' title='bbox 1495 2199 1567 2230; x_wconf 92' lang='lat' dir='ltr'>NV</span> 
     </span>
     <span class='ocr_line' id='line_1_33' title="bbox 229 2241 1560 2283; baseline 0.003 -14"><span class='ocrx_word' id='word_1_187' title='bbox 229 2249 264 2269; x_wconf 85' lang='lat'>21</span> <span class='ocrx_word' id='word_1_188' title='bbox 293 2245 409 2279; x_wconf 88' lang='lat' dir='ltr'>posset</span> <span class='ocrx_word' id='word_1_189' title='bbox 427 2241 496 2271; x_wconf 81' lang='lat' dir='ltr'>NV</span> <span class='ocrx_word' id='word_1_190' title='bbox 603 2253 644 2273; x_wconf 83' lang='grc'>22</span> <span class='ocrx_word' id='word_1_191' title='bbox 668 2243 863 2281; x_wconf 85' lang='lat' dir='ltr'>quotidiana</span> <span class='ocrx_word' id='word_1_192' title='bbox 880 2241 949 2272; x_wconf 89' lang='lat' dir='ltr'>NV</span> <span class='ocrx_word' id='word_1_193' title='bbox 1056 2242 1116 2281; x_wconf 82' lang='lat'>24*</span> <span class='ocrx_word' id='word_1_194' title='bbox 1141 2243 1245 2273; x_wconf 83' lang='lat' dir='ltr'>artior</span> <span class='ocrx_word' id='word_1_195' title='bbox 1262 2242 1408 2273; x_wconf 86' lang='lat' dir='ltr'>reuinxit</span> <span class='ocrx_word' id='word_1_196' title='bbox 1424 2242 1560 2283; x_wconf 73' lang='lat' dir='ltr'>scm&#39;pSi:</span> 
     </span>
     <span class='ocr_line' id='line_1_34' title="bbox 228 2283 1566 2327; baseline 0.001 -15"><span class='ocrx_word' id='word_1_197' title='bbox 228 2283 332 2314; x_wconf 81' lang='lat' dir='ltr'>artior</span> <span class='ocrx_word' id='word_1_198' title='bbox 364 2285 516 2315; x_wconf 80' lang='lat' dir='ltr'>deuinxit</span> <span class='ocrx_word' id='word_1_199' title='bbox 548 2285 718 2315; x_wconf 70' lang='lat' dir='ltr'>Bursian:</span> <span class='ocrx_word' id='word_1_200' title='bbox 758 2286 904 2316; x_wconf 82' lang='lat' dir='ltr'>arctiore</span> <span class='ocrx_word' id='word_1_201' title='bbox 939 2286 1046 2316; x_wconf 83' lang='lat' dir='ltr'>uinxit</span> <span class='ocrx_word' id='word_1_202' title='bbox 1076 2285 1145 2315; x_wconf 88' lang='lat' dir='ltr'>NV</span> <span class='ocrx_word' id='word_1_203' title='bbox 1328 2295 1370 2327; x_wconf 85' lang='lat'>25</span> <span class='ocrx_word' id='word_1_204' title='bbox 1395 2290 1508 2317; x_wconf 82' lang='lat' dir='ltr'>custos</span> <span class='ocrx_word' id='word_1_205' title='bbox 1535 2285 1566 2314; x_wconf 90' lang='lat' dir='ltr'><em>V</em></span> 
     </span>
    </p>
   </div>
   <div class='ocr_carea' id='block_1_5' title="bbox 229 2326 1177 2369">
    <p class='ocr_par' dir='ltr' id='par_1_25' title="bbox 229 2326 1177 2369">
     <span class='ocr_line' id='line_1_35' title="bbox 229 2326 1177 2369; baseline 0.003 -13"><span class='ocrx_word' id='word_1_206' title='bbox 229 2326 289 2356; x_wconf 80' lang='lat'>28*</span> <span class='ocrx_word' id='word_1_207' title='bbox 313 2333 429 2358; x_wconf 80' lang='lat' dir='ltr'>sancta</span> <span class='ocrx_word' id='word_1_208' title='bbox 447 2329 542 2367; x_wconf 86' lang='lat' dir='ltr'>uirgo</span> <span class='ocrx_word' id='word_1_209' title='bbox 561 2329 691 2368; x_wconf 72' lang='lat' dir='ltr'>scripsi:</span> <span class='ocrx_word' id='word_1_210' title='bbox 718 2335 835 2360; x_wconf 83' lang='lat' dir='ltr'>sancta</span> <span class='ocrx_word' id='word_1_211' title='bbox 853 2329 971 2359; x_wconf 87' lang='lat' dir='ltr'>mulier</span> <span class='ocrx_word' id='word_1_212' title='bbox 988 2328 1058 2359; x_wconf 71' lang='lat' dir='ltr'>NV</span> <span class='ocrx_word' id='word_1_213' title='bbox 1072 2330 1124 2369; x_wconf 55' lang='lat' dir='ltr'>fs·</span> <span class='ocrx_word' id='word_1_214' title='bbox 1145 2338 1177 2367; x_wconf 70' lang='grc'>5,</span> 
     </span>
    </p>
   </div>
  </div>
 </body>
</html>
