1747 2745
238 182 749 222 PHAEDRIANl-xRVM
780 185 1128 224 FABVLARVM

240 294 395 331 ‘Deum
426 292 595 342 uideti83
634 295 801 334 tribuam
835 297 948 335 uobis
979 297 1156 348 protinus

236 358 346 407 quod
375 372 557 409 quaeque
588 361 763 410 optarit'.
824 370 946 401 mater
974 364 1202 413 suppliciter
1231 374 1350 416 rogat,

237 422 446 462 barbatum
477 432 517 462 ut
549 424 680 463 uideat
712 433 848 465 natum
877 440 996 477 quam
1029 428 1197 477 primum
1229 443 1341 468 suum
1359 446 1370 478 ‚-

239 488 414 535 moecha,
448 495 490 527 ut
520 496 704 538 sequatur
735 504 820 528 sese
851 491 1045 542 quidquid
1076 493 1254 543 tetigerit.
1534 510 1571 532 10

238 553 342 590 uolat
375 552 620 601 Mercurius3
651 553 751 592 intro
782 557 947 594 redeunt
978 557 1184 625 mulieres:

237 616 423 654 barbatus
455 618 594 665 infans,
626 630 729 667 ecce,
762 619 915 669 uagitus
945 621 1033 660 ciet.

238 680 277 720 id
308 682 406 720 forte
438 684 617 722 meretrix
647 696 737 721 cum
769 684 911 723 iideret
942 686 1121 735 ualidius,

237 759 348 785 nares
380 747 545 798 repleuit
574 762 688 786 umor
718 756 760 786 ut
789 750 872 793 fieri
903 752 1015 790 solet.

237 825 448 862 emungere
479 812 593 863 igitur
623 826 664 852 se
695 816 833 852 uolens
862 815 1018 864 prendit
1051 830 1169 855 manu
1498 808 1502 811 .
1535 833 1568 865 ¹5

237 876 430 927 traxitque
458 879 508 917 ad
539 886 681 917 terram
711 879 793 917 nasi
826 880 1123 930 longitudinem,

236 950 273 980 ct
304 941 420 982 aliam
450 943 581 982 ridens
613 944 695 993 ipsa
727 944 890 983 ridenda
922 945 1058 985 extitit.

672 1099 729 1135 IV

394 1195 729 1227 PROMETHEVS
753 1195 819 1226 ET
836 1196 933 1227 DOL
941 1197 1000 1227 VS

457 1284 507 1314 De
525 1284 676 1314 Veritatc
694 1290 726 1314 et
748 1284 927 1315 Mendacio

290 1371 404 1410 OLIM
438 1371 695 1409 Prometheus
726 1370 870 1410 saeculi
902 1371 1042 1420 figulus
1072 1370 1166 1411 noui

236 1450 329 1475 cura
359 1435 491 1475 subtili
522 1435 739 1474 Veritatem
771 1437 927 1484 fecerat,

235 1510 277 1541 ut
308 1503 390 1541 iura
419 1509 553 1552 posset
585 1502 684 1540 inter
713 1501 896 1540 homines
926 1503 1101 1541 reddere.

236 1567 366 1606 subito
397 1567 607 1613 accersitus
638 1567 778 1605 nuntio
810 1567 940 1617 magni
972 1569 1080 1606 Iouis

235 1633 489 1672 commendat
520 1632 719 1670 officinam
751 1632 876 1670 fallaci
910 1634 1025 1680 Dolo,
1552 1649 1568 1680 5

235 1699 273 1737 in
304 1697 553 1749 disciplinam
586 1711 711 1747 nuper
742 1710 861 1747 quem
892 1705 1101 1747 receperat.

235 1763 309 1811 hic,
341 1764 473 1802 studio
503 1776 706 1810 accensus,
743 1762 839 1800 facie
871 1763 1122 1801 simulacrum
1153 1761 1244 1812 pari,

234 1842 311 1868 una
340 1836 495 1875 statura,
529 1828 655 1867 simile
687 1836 724 1866 et
758 1827 943 1866 membris
974 1827 1171 1873 omnibus,

234 1897 329 1934 dum
359 1901 514 1944 tempus
545 1893 692 1941 habuit,
728 1893 869 1931 callida
900 1892 1009 1931 finxit
1040 1886 1169 1931 manu.

233 1961 341 2011 quod
372 1973 494 2010 prope
525 1958 601 1997 iam
634 1967 761 1998 totum
795 1960 892 1997 mire
922 1972 1012 1997 cum
1044 1960 1217 2009 positum
1249 1959 1357 2006 soret,
1533 1974 1570 1996 10

234 2028 358 2064 lutum
388 2026 438 2064 ad
470 2025 671 2064 faciendos
705 2024 758 2062 illi
789 2024 932 2063 defecit
964 2025 1097 2075 pedes.

277 2132 297 2161 8
321 2130 517 2171 suppliciter
537 2130 583 2162 V:
611 2129 765 2170 supplica
785 2154 792 2162 .
811 2155 817 2161 .
837 2129 874 2160 N
954 2135 1049 2169 rogat
1064 2128 1188 2159 Bothe:
1213 2133 1307 2167 regat
1327 2127 1360 2158 V
1438 2138 1477 2158 12
1501 2127 1568 2159 ciet

233 2174 286 2204 N:
312 2175 374 2205 erit
395 2174 430 2213 V,
451 2173 509 2204 sed
523 2185 589 2214 mg.
611 2174 676 2205 ciet
693 2186 738 2205 m.
758 2185 771 2204 1
907 2184 945 2213 13
971 2184 1044 2204 curn
1063 2177 1138 2204 ante
1153 2172 1241 2203 sorte
1258 2171 1330 2210 NV,
1351 2176 1426 2202 ante
1443 2172 1568 2203 rideret

233 2221 356 2258 ἵναπερ.
370 2217 525 2256 Jannelli
601 2218 730 2249 rideret
741 2217 828 2249 idem
843 2228 850 2248 :
875 2218 961 2248 ridet
974 2217 1060 2252 NV;
1080 2217 1112 2248 id
1127 2216 1204 2247 dum
1218 2221 1410 2255 portentum
1424 2225 1466 2247 m.
1480 2215 1568 2247 ridet

234 2261 397 2292 Froelzltclz
536 2271 574 2301 14
600 2272 696 2293 umor
715 2261 845 2293 Havet:
870 2261 993 2292 humor
1009 2260 1079 2291 NV
1210 2269 1245 2298 17
1272 2259 1369 2290 aliam
1386 2258 1567 2290 Burman:

233 2305 334 2336 alium
355 2305 388 2336 V

279 2348 325 2380 IV
341 2349 412 2390 (V).
442 2346 481 2380 H
498 2350 568 2380 108.
621 2359 634 2380 1
663 2349 785 2389 figulus
798 2348 1054 2387 nouiJanneIli:
1076 2347 1160 2378 nous
1170 2347 1290 2386 figulus
1304 2346 1374 2377 NV
1427 2345 1466 2376 2*
1489 2356 1567 2378 cura

238 2392 273 2432 V,
292 2404 338 2425 an
356 2398 447 2424 creta
467 2393 648 2431 (Jumzelli)
666 2393 815 2424 habuerit
831 2392 866 2423 N
880 2392 1019 2422 dubtnm
1126 2403 1143 2429 4
1170 2391 1354 2421 accersitus
1372 2389 1407 2420 N
1421 2393 1459 2420 ut
1476 2389 1543 2420 m'd.
1559 2402 1566 2421 :

233 2438 398 2468 acersitus
420 2437 451 2466 V
553 2447 568 2475 7
596 2437 664 2476 pati
685 2437 717 2467 V
801 2447 823 2476 9
846 2436 953 2467 calida
974 2435 1047 2474 VN,
1066 2435 1123 2464 sed
1137 2445 1215 2464 corr.
1237 2444 1281 2464 m.
1300 2444 1313 2464 1
1420 2443 1459 2463 10
1483 2433 1566 2463 mire

233 2479 286 2510 N:
311 2479 393 2511 mire
410 2491 445 2511 ex
465 2480 586 2511 misere
607 2480 639 2510 V
