1747 2745
197 144 458 181 PHAEDRI
491 144 838 181 FABVLARVM

664 288 722 324 IV

503 381 654 420 EQVVS
680 381 737 412 ET
761 382 886 413 APER

252 469 390 512 EQVVS
421 469 556 506 sedare
587 467 723 506 solitus
753 482 832 518 quo
864 469 986 507 suerat
1017 468 1130 515 sitim,

196 533 292 571 dum
323 546 407 571 sese
436 546 528 582 aper
558 534 709 571 uolutat
739 533 912 572 turbauit
941 534 1100 572 uadum.

197 598 289 636 hine
319 606 403 637 orta
432 597 478 636 lis
508 606 575 636 est.
636 598 805 649 sonipes,
837 598 955 637 iratus
986 601 1078 646 fero,

196 662 384 701 auxilium
415 662 525 713 petiit
555 662 751 712 hominis3
791 677 909 713 quem
941 665 1056 702 dorso
1086 665 1222 702 leuans

198 727 311 767 rediit
340 728 391 766 ad
422 728 575 766 hostem
606 729 741 766 laetus.
800 729 906 766 hunc
937 728 1022 767 telis
1053 742 1174 778 eques

199 800 410 843 postquam
439 792 643 839 interfecit,
677 794 732 831 sic
761 794 916 832 locutus
947 793 1132 832 traditur:

201 859 367 896 ‘Laetor
397 857 530 896 tulisse
560 858 746 896 auxilium
778 872 841 897 me
871 858 1052 910 precibus
1082 858 1182 906 tuis;

200 937 291 962 nam
322 925 508 974 praedam
539 924 625 974 cepi
655 933 693 963 et
722 924 843 963 didici
874 938 992 975 quam
1024 924 1074 962 sis
1105 923 1208 962 utilis
1224 924 1243 962 '.

199 997 319 1038 atque
349 990 401 1027 ita
431 989 559 1040 coegit
590 991 720 1028 frenos
751 990 919 1029 inuitum
949 990 1040 1040 pati.

200 1063 284 1093 tum
315 1062 486 1093 maestus
517 1054 580 1093 ille
613 1057 786 1094 ‘Paruae
817 1055 1032 1094 uindictam
1064 1054 1116 1093 rei
1499 1069 1534 1092 ιο

201 1120 295 1158 dum
327 1133 473 1169 quaero
503 1121 678 1168 demens,
711 1121 940 1160 seruitutem
971 1121 1120 1171 repperi
1136 1122 1153 1158 '.

257 1188 370 1224 Haec
401 1187 610 1225 iracundos
641 1186 872 1225 admonebit
903 1186 1035 1223 sabula

202 1250 349 1301 inpune
378 1250 509 1300 potius
540 1250 640 1289 laedi
673 1265 792 1300 quam
823 1250 915 1289 dedi
945 1251 1065 1289 alteri.

749 1389 785 1424 Υ

694 1479 848 1510 POETA

258 1565 362 1601 PLvs
394 1575 478 1601 esse
508 1561 548 1600 in
581 1576 660 1601 uno
691 1574 808 1612 saepe
839 1574 957 1611 quam
989 1560 1029 1599 in
1058 1560 1171 1599 turba
1199 1560 1293 1599 boni

203 1631 424 1668 narratione
453 1629 617 1678 posteris
648 1629 799 1666 tradam
831 1625 953 1665 breui.

259 1694 433 1744 Quidam
463 1694 663 1732 decedens
693 1700 769 1731 tres
801 1691 956 1742 reliquit
986 1691 1095 1739 filias,

204 1773 323 1798 unam
354 1761 567 1798 formosam
598 1765 636 1797 et
666 1757 790 1797 oculis
822 1764 1035 1796 uenantem
1066 1757 1181 1806 uiros,

203 1833 242 1864 at
270 1826 432 1863 aiteram
461 1824 657 1862 lanificam
689 1831 726 1862 et
759 1823 856 1874 frugi
885 1823 1082 1872 rusticam,
1522 1842 1539 1874 5

205 1893 392 1931 deuotam
423 1890 517 1929 uino
547 1890 700 1929 tertiam
733 1898 772 1930 et
802 1889 1105 1942 turpissimam'

205 1958 343 1995 harum
372 1964 504 1995 autem
535 1965 699 1996 matrem
732 1957 823 1997 fecit
854 1959 1040 1997 heredem
1071 1971 1190 1997 senex

206 2023 279 2062 sub
310 2021 556 2071 condicione,
591 2032 714 2063 totam
746 2032 788 2063 ut
820 2025 1016 2063 fortunam
1046 2024 1169 2064 tribus

205 2087 418 2137 aequaliter
447 2088 664 2138 distribuat,
700 2092 770 2130 sed
801 2090 867 2129 tali
897 2091 1043 2129 modo:

209 2153 271 2192 ‘ni
299 2155 392 2193 data
422 2155 651 2205 possideant
682 2164 749 2195 aut
779 2157 976 2194 fruantur’
991 2170 1002 2204 ,-
1041 2163 1122 2194 tum
1157 2156 1294 2195 ‘simul
1503 2173 1541 2194 10

251 2259 307 2291 IV.
333 2257 373 2290 H
389 2262 440 2298 81,
459 2259 522 2292 Th
541 2271 590 2300 79.
660 2260 769 2301 Apud
781 2260 1157 2301 Pamplzrastasjabula
1173 2264 1219 2291 est
1235 2260 1273 2291 de
1288 2270 1366 2300 equo
1381 2263 1410 2291 et
1423 2270 1516 2291 ceruo
1527 2271 1540 2298 ,·

206 2303 243 2342 cf.
259 2303 347 2335 Hor.
360 2304 466 2345 Epist.
487 2306 507 2336 ἰ.
527 2315 575 2336 10.
592 2315 632 2343 34
651 2315 734 2345 seqq.
830 2316 864 2343 4,
882 2315 901 2344 5
926 2305 1023 2344 petiit
1040 2327 1048 2335 .
1070 2329 1077 2335 .
1098 2328 1105 2335 .
1124 2305 1221 2335 rediit
1239 2304 1348 2336 Pr'th.:
1374 2304 1457 2343 petit
1474 2328 1482 2335 .
1502 2327 1509 2334 .
1530 2327 1537 2335 .

208 2347 294 2378 redit
306 2347 381 2378 PR'
443 2358 463 2387 5
488 2348 596 2379 laetus
608 2348 759 2389 szgault,
769 2352 881 2388 postea
899 2350 1066 2378 ‘maestus
1077 2346 1084 2358 '
1097 2352 1175 2386 erat,
1190 2359 1223 2378 u.
1241 2359 1279 2378 10
1294 2359 1301 2378 ι
1325 2347 1434 2378 laetus
1444 2347 1540 2378 iactis

207 2390 258 2421 P:
285 2391 403 2429 laetus,
422 2391 540 2423 iaculis
557 2391 590 2421 A
608 2391 771 2432 Spengel:
796 2391 891 2422 iactis
907 2391 994 2422 Pith.
1016 2391 1107 2431 uulg.

251 2435 290 2466 V.
315 2432 354 2466 H
370 2436 421 2466 82.
513 2436 534 2466 8
559 2435 752 2466 conditione
770 2439 807 2465 ut
823 2434 947 2466 ahln‘P
1037 2445 1076 2464 xo
1101 2435 1133 2464 ni
1153 2434 1226 2473 PR,
1246 2434 1277 2465 Ιι.
1293 2445 1316 2464 e.
1335 2445 1377 2464 ne
