1747 2745
669 158 695 193 Ρ
704 157 985 195 RAEFATIO

159 275 257 307 tates
278 270 446 308 lecturos
474 281 523 306 ne
551 268 706 313 lateant,
731 267 801 304 hos
825 266 910 304 sinis
939 279 1133 317 nusquam
1160 269 1384 318 transgressi
1414 270 1484 308 nisi

158 335 267 384 quod
302 333 552 384 Neapolitani
603 330 791 369 lectiones
839 333 1048 369 nonnullas
1087 345 1173 370 eam
1224 334 1394 372 deinum·
1433 336 1484 374 ol)

157 411 316 437 causam
349 396 655 438 memorauimus
686 398 794 446 quod
820 397 895 435 alia
923 398 973 435 de
999 397 1072 435 illis
1101 399 1148 435 I).
1174 398 1343 446 Bassius,
1366 413 1483 450 quem

157 477 311 515 sequor,
334 464 409 503 alia
444 465 628 502 Hauetus
662 463 870 500 rettulerat.
931 462 1004 513 ipsi
1039 462 1144 501 enim
1178 465 1378 504 cauebunt
1412 467 1484 506 sibi

156 530 322 569 lectores
343 543 393 568 ne
410 528 506 580 quid
522 529 572 567 de
590 527 841 577 Neapolitani
863 535 929 566 aut
950 528 1000 566 de
1020 529 1228 568 Remensis
1250 530 1485 571 lectionibus

155 594 290 634 animo
305 594 546 646 praecipiant
562 593 592 631 si
609 593 772 643 quando
788 605 868 630 non
889 592 1122 631 nominatim
1140 593 1175 632 ei
1191 593 1359 633 citentur
1375 612 1382 635 ε
1412 596 1483 648 ipsi

157 662 266 700 nullo
281 662 522 701 admonente
538 658 775 710 reputabunt
791 666 888 708 quot
906 658 945 696 in
966 660 1074 697 locos
1091 659 1242 710 possint
1262 662 1404 700 cadere
1421 661 1485 701 illa

157 727 231 767 ‘de
258 729 302 766 R
329 739 410 765 non
422 725 598 765 constat'
626 731 665 763 et
689 725 763 762 ‘N
782 723 856 774 legi
882 737 963 762 non
984 723 1112 774 potuit
1127 725 1146 763 '.
1206 727 1482 776 Paraphrastas

155 791 274 831 etiam
298 791 452 843 parcius
475 798 594 840 atque
620 787 694 827 illis
722 796 876 827 tantum
896 788 992 827 locis
1023 790 1272 828 laudauimus
1300 791 1367 830 ubi
1388 792 1482 831 boni

154 856 304 908 aliquid
329 856 495 895 adlaturi
525 867 610 893 esse
637 853 866 893 uiderentur
879 868 889 901 3
918 867 1090 904 cumque
1111 854 1150 892 in
1173 863 1280 894 tanta
1305 857 1482 896 omnium

155 920 418 961 inconstantia
452 921 606 971 saepius
645 932 783 969 parum
813 919 954 958 referre
984 919 1183 957 uideretur
1213 920 1306 959 huic
1335 922 1482 961 auctori

154 1000 205 1026 an
225 987 278 1025 illi
300 986 448 1037 aliquid
469 986 672 1032 tribueres,
698 984 800 1034 ipsas
826 992 979 1023 tantum
1005 984 1214 1023 uerborum
1243 986 1482 1027 adiectiones

154 1060 192 1091 et
212 1051 419 1091 uarietates
440 1050 596 1090 uncinis
616 1050 786 1089 inclusas
807 1049 1102 1088 denotauimus.

208 1118 256 1156 In
275 1117 509 1156 coniecturis
523 1117 696 1155 uirorum
710 1116 919 1154 doctorum
934 1114 1102 1154 citandis
1120 1129 1284 1166 quarum
1302 1119 1482 1157 Hauetus

153 1191 337 1234 quattuor
370 1195 496 1233 paene
529 1181 646 1228 milia,
685 1179 758 1219 nisi
792 1181 971 1228 fallimur,
1005 1181 1125 1219 credo
1159 1189 1201 1220 ut
1236 1190 1337 1221 esset
1375 1185 1481 1233 quod

153 1247 358 1294 deuitares,
378 1246 586 1298 congessit,
606 1244 886 1297 parsimoniam
910 1244 1075 1284 antetuli
1091 1245 1267 1296 largitati,
1290 1260 1421 1286 meum
1443 1247 1480 1286 in

152 1326 200 1352 eo
226 1320 406 1357 constare
429 1312 602 1351 officium
628 1319 733 1350 ratus
759 1318 801 1349 ut
826 1310 865 1348 in
896 1310 993 1350 locis
1021 1312 1212 1362 corruptis
1239 1325 1303 1350 eas
1329 1319 1479 1351 tantum

151 1369 699 1429 emendationes‘legentibus
731 1377 924 1415 traderem
955 1389 1057 1426 quae
1083 1384 1122 1415 et
1148 1378 1286 1415 ceteris
1312 1379 1479 1416 antecel-

151 1444 273 1483 lerent
293 1451 331 1483 et
351 1444 481 1494 aliqua
502 1443 582 1482 ueri
606 1441 864 1481 similitudine
886 1441 994 1491 ipsae
1016 1443 1388 1481 commendarentur
1408 1456 1480 1482 nec

151 1510 247 1559 quid
263 1511 430 1559 potuerit
447 1510 567 1548 modo
581 1508 751 1547 scribere
768 1508 971 1546 Phaedrus
986 1514 1201 1557 spectarem
1217 1509 1285 1547 sed
1301 1506 1478 1559 (quotam

151 1587 197 1613 ex
212 1573 397 1613 omnibus
413 1582 561 1625 partem
579 1574 604 1626 !)
626 1573 722 1624 quid
743 1581 779 1612 et
803 1573 973 1622 potuerit
991 1579 1029 1611 et
1050 1571 1240 1610 debuerit.
1290 1571 1328 1609 in
1350 1573 1479 1612 dubiis

150 1639 271 1678 dubia
297 1652 457 1690 quoque
484 1640 681 1678 interdum
715 1651 796 1676 non
829 1637 1061 1688 respuimus,
1085 1635 1116 1675 si
1145 1637 1265 1676 modo
1292 1638 1354 1675 illa
1384 1639 1478 1688 quid

150 1704 227 1743 illic
247 1712 349 1744 esset
369 1704 479 1744 dubii
499 1706 697 1744 docerent.

183 1771 387 1824 'Vastatus
409 1770 586 1810 cladibus
611 1772 784 1810 mundus
808 1770 1050 1820 singulorum
1076 1781 1155 1806 non
1178 1769 1312 1819 recipit
1333 1770 1479 1819 querel-

149 1838 215 1875 las.
267 1835 400 1887 itaque
431 1836 470 1875 id
500 1844 653 1875 tantum
685 1837 825 1876 ueniae
858 1834 955 1874 mihi
982 1833 1188 1885 petiuerim
1216 1841 1267 1881 ut,
1291 1833 1321 1872 si
1342 1847 1419 1884 qua
1439 1834 1477 1872 in

150 1910 257 1954 parte
271 1902 386 1942 huius
403 1903 530 1954 operis
546 1903 661 1943 alicui
681 1904 848 1944 uidebor
871 1910 938 1941 aut
961 1899 1070 1939 utilia
1090 1899 1392 1951 praetermisisse
1412 1908 1478 1939 aut

148 1968 405 2019 occupauisse
420 1970 657 2017 aliena‚-n0n
676 1977 809 2009 nostra
823 1971 892 2008 sed
911 1977 1133 2018 temporum
1151 1966 1266 2016 culpa
1279 1966 1318 2004 id
1332 1966 1477 2004 factum

149 2046 234 2073 esse
253 2033 456 2082 existimet,
480 2049 548 2086 per
570 2049 681 2087 quae,
704 2044 747 2075 ut
775 2035 850 2074 alia
875 2043 1039 2078 taceam,
1062 2045 1153 2071 cum
1174 2037 1213 2070 et
1233 2029 1477 2069 commerciis

148 2099 347 2139 officerent
373 2107 412 2139 et
432 2101 732 2149 commeatibus,
758 2100 878 2139 libros
902 2106 1063 2150 quoque
1091 2099 1196 2148 ipsos
1221 2097 1364 2147 quibus
1385 2109 1476 2134 usus

148 2171 250 2204 esset
275 2177 327 2204 ne
353 2165 545 2217 inspicere
568 2166 728 2217 quidem
757 2167 901 2213 liceret,
929 2166 1076 2204 nedum
1106 2175 1343 2214 comparare.
1403 2162 1477 2200 hoc

147 2232 328 2281 quamuis
357 2230 657 2271 incommodum
689 2238 790 2270 esset
816 2231 1009 2270 deterrere
1037 2242 1100 2268 me
1126 2228 1235 2268 nolui
1266 2226 1477 2278 quominus

147 2310 227 2336 rem
256 2297 453 2348 inceptam
480 2310 598 2347 quam
626 2296 796 2347 primurn
825 2296 1065 2346 perficerem.
1123 2307 1225 2345 quae
1251 2301 1293 2332 ut
1320 2292 1477 2332 breuius

145 2363 427 2406 absolueretur,
451 2361 621 2400 rationes
643 2363 776 2411 quoad
798 2362 878 2400 fieri
900 2367 1032 2411 posset
1052 2367 1144 2399 ante
1161 2359 1311 2399 editum
1335 2358 1475 2398 librum

785 2441 832 2464 XV
