1747 2745
894 148 1063 186 LIBER
1095 149 1355 197 QVARTVS
1389 149 1504 189 1-111

174 261 363 303 quantam
395 252 434 292 in
464 252 612 304 pusillis
634 253 848 293 utilitatem
881 253 1072 306 reperies!
1231 251 1247 268 '

174 330 255 357 non
285 331 440 369 semper
468 331 513 357 ea
543 327 632 357 sunt
662 332 764 369 quae
794 319 1002 359 uidentur:
1041 322 1188 374 decipit
1487 341 1504 372 5

174 383 281 421 frons
310 383 435 433 prima
464 384 619 430 multos,
652 397 735 422 rara
764 397 876 423 mens
907 385 1096 436 intellegit

173 448 282 498 quod
312 447 495 486 interiore
524 447 703 487 condidit
733 462 826 487 cura
855 452 1010 501 angulo.

173 513 250 551 hoc
279 526 329 552 ne
358 514 512 552 locutus
543 512 627 552 sine
658 515 840 554 mercede
869 515 1075 563 existimer,

172 576 354 616 fabellam
384 578 552 617 adiciam
582 579 632 617 de
664 581 830 618 mustela
860 588 897 619 et
928 581 1115 620 muribus.

226 644 408 691 Mustela,
441 657 531 682 cum
561 643 675 682 annis
706 652 744 683 et
773 637 933 684 senecta
962 647 1102 686 debilis
1466 667 1507 690 ιο

171 721 300 748 mures
330 710 488 749 ueloces
518 723 598 748 non
630 711 776 749 ualeret
805 712 982 762 adsequi,

170 774 336 814 inuoluit
367 788 408 815 se
438 775 559 814 farina
588 784 626 815 et
657 776 827 815 obscuro
858 778 946 816 loco

167 839 312 879 abiecit
342 842 601 892 neclegenter.
663 854 761 888 mus,
793 855 923 881 escam
955 850 1108 893 putans,

167 904 327 944 adsiluit
356 914 394 945 et
423 919 681 957 comprensus
711 907 899 946 occubuit
929 909 1042 956 neei3

166 971 263 1010 alter
290 970 479 1020 similiter,
509 971 655 1011 deinde
685 971 783 1022 perit
812 979 851 1011 et
881 972 1026 1012 tertius.
1461 992 1497 1025 15

167 1042 256 1086 post
284 1035 434 1087 aliquot
464 1037 572 1076 uenit
603 1037 769 1076 saeculis
800 1037 1022 1086 retorridus,

126 1103 133 1112 ”
167 1099 234 1150 qui
263 1113 381 1152 saepe
409 1103 571 1153 laqueos
602 1110 640 1141 et
670 1094 889 1154 muscipula
918 1104 1128 1153 effugerat;

166 1167 382 1217 proculque
413 1167 572 1206 insidias
603 1181 768 1207 cernens
799 1167 922 1207 hostis
952 1168 1094 1216 callidi,

104 1270 112 1277 ,
168 1231 254 1270 ‘Sic
283 1233 446 1281 ualeas',
478 1232 605 1284 inquit
637 1236 700 1272 ‘ut
731 1233 852 1272 farina
882 1246 934 1281 es,
965 1247 1067 1286 quae
1097 1233 1248 1274 iacesl'

596 1413 662 1451 ΙΙΙ

413 1509 473 1541 DE
497 1509 646 1541 VVLPE
672 1509 729 1541 ET
752 1509 845 1541 VVA

219 1601 340 1638 FAME
369 1606 507 1638 coacta
537 1599 674 1648 uulpes
704 1599 781 1636 alta
812 1598 850 1636 in
881 1598 996 1637 uinea

163 1677 282 1703 uuam
311 1663 534 1714 adpetebat,
567 1663 732 1702 summis
761 1662 903 1702 saliens
933 1661 1092 1702 uiribus.

163 1742 282 1780 quam
312 1737 469 1779 tangere
499 1735 541 1767 ut
571 1741 652 1767 non
682 1727 820 1779 potuit,
853 1728 1062 1766 discedens
1090 1728 1143 1767 ait

166 1794 379 1833 ‘Nondum
410 1800 562 1832 matura
591 1806 657 1840 es3
696 1793 789 1831 nolo
818 1792 1001 1831 acerbam
1031 1805 1183 1832 sumere
1197 1794 1217 1832 ’.

217 1858 308 1908 Qui,
340 1859 466 1897 facere
495 1871 597 1908 quae
627 1871 708 1896 non
738 1864 914 1908 possunt,
947 1856 1077 1895 uerbis
1107 1859 1272 1906 eleuant,
1472 1875 1490 1906 5

161 1924 383 1963 adscribere
411 1925 487 1962 hoc
517 1923 722 1963 debebunt
752 1924 976 1973 exemplum
1006 1922 1090 1961 sibi.

206 2027 245 2067 4*
269 2033 424 2068 quantam
445 2029 476 2058 in
496 2027 625 2067 pusillis
643 2028 777 2067 scrzpsi:
801 2031 960 2067 quantam
981 2025 1111 2056 subtilis
1128 2025 1191 2056 PR
1208 2037 1215 2057 :
1238 2026 1299 2057 sub
1319 2026 1384 2058 illis
1401 2026 1488 2060 Fith.

161 2080 182 2110 5
205 2071 330 2112 decipit
348 2070 433 2102 Pith.
451 2083 457 2103 :
484 2071 611 2110 despici
630 2071 704 2102 PR'
723 2071 779 2103 (—it
799 2070 856 2110 R‘)
1002 2080 1019 2108 7
1045 2069 1203 2100 interiore
1220 2069 1490 2101 Ritletshausen:

162 2114 319 2146 inferiore
335 2114 400 2145 PR
536 2115 575 2145 8*
600 2115 672 2146 sine
691 2114 863 2154 mercede]
884 2113 1030 2153 gratuito
1048 2113 1241 2143 conieceram
1363 2123 1398 2144 11
1425 2114 1489 2145 iam

162 2158 300 2198 adsequi
319 2157 449 2189 Havet:
474 2158 537 2189 iam
558 2169 623 2190 non
643 2158 845 2198 sequebatur
862 2156 925 2188 Ro.
944 2161 1086 2196 exparte
1102 2158 1224 2187 mm'ore
1264 2179 1267 2181 -
1342 2166 1379 2196 14
1404 2167 1490 2188 com-

162 2211 309 2241 prensus
332 2201 604 2233 Rmershausen:
638 2212 850 2241 compressus
875 2200 960 2239 PR‘,
988 2204 1163 2240 tamquam
1188 2200 1302 2231 ursula
1327 2200 1489 2240 quaedam

160 2249 241 2275 esset
257 2244 397 2276 mustela
488 2255 526 2284 15
549 2246 627 2276 dein
648 2246 735 2284 perit
753 2245 938 2275 dubitanter
949 2244 1079 2275 Havet:
1105 2244 1203 2284 periit
1221 2244 1345 2275 deinde
1358 2243 1491 2284 Bentley

165 2288 223 2318 16*
247 2292 323 2328 post
334 2298 401 2320 om.
414 2287 466 2319 P:
488 2288 564 2321 add.
579 2288 689 2319 Have!
755 2288 887 2327 aliquod
902 2287 934 2317 P
998 2287 1126 2327 aliquot
1137 2288 1262 2318 secutis
1276 2288 1369 2318 uenit
1381 2292 1414 2318 et
1427 2294 1487 2319 ret.

160 2331 302 2372 Rtgault
390 2333 576 2363 retorridus
595 2332 638 2361 R*
657 2342 736 2362 corr.
756 2335 794 2362 ut
809 2334 875 2362 uid.
893 2343 900 2362 :
925 2331 1099 2361 reterritus
1118 2331 1149 2361 P
1163 2341 1208 2362 m.
1227 2341 1257 2369 1,
1273 2330 1319 2361 R'
1337 2341 1382 2363 m.
1401 2340 1414 2360 1

206 2373 266 2406 111.
292 2370 330 2405 Η
346 2375 398 2415 80,
418 2371 483 2406 Th
502 2385 551 2415 71.
647 2385 659 2405 1
689 2375 799 2414 uulpis
818 2374 893 2404 PR'
985 2384 1004 2411 4
1028 2384 1066 2404 es
1079 2373 1232 2412 Johnson
1252 2374 1343 2414 quod
1359 2378 1488 2406 tuentur

159 2418 223 2450 Ro.
245 2417 332 2448 Wiss
364 2418 443 2448 nolo
460 2424 493 2450 te
510 2419 661 2449 acerbam
681 2430 688 2449 :
707 2424 759 2449 est
777 2417 809 2448 P
821 2418 890 2449 edd.
980 2426 1134 2447 acernam
1151 2417 1215 2448 PR

227 2485 319 2506 ιιι-36
1382 2472 1400 2503 4
