1747 2745
690 153 1011 191 PRAEFATIO

181 273 341 299 necesse
361 268 419 298 est
443 262 473 298 si
505 261 592 310 quis
619 261 669 299 ad
695 260 847 298 fabulas
877 260 1045 299 Phaedri
1071 263 1334 311 repurgandas
1360 274 1400 300 se
1421 275 1508 300 con-

180 327 276 364 ferre
296 325 462 364 uoluerit
479 340 488 372 ;
518 338 623 363 nunc
637 326 687 364 de
705 325 818 364 tertio
834 325 1049 364 dicendum
1067 333 1137 364 est.
1178 339 1237 364 res
1254 325 1305 363 ita
1323 339 1363 364 se
1377 326 1506 364 habet.

179 390 218 429 in
239 390 416 441 pluribus
438 390 570 429 medio
601 403 701 429 aeuo
723 404 842 429 manu
864 390 1015 440 scriptis
1040 390 1147 430 libris
1172 392 1335 430 fabellae
1361 391 1508 441 aliquot

178 456 370 506 leguntur,
407 455 578 506 pedestri
617 455 704 494 illae
744 455 905 505 quidem
946 455 1122 495 oratione
1160 457 1401 507 compositae
1440 457 1508 495 sed

177 533 200 558 a
239 522 420 560 Phaedro
454 521 571 560 rebus
609 522 849 571 argumentis
889 534 1071 560 sermone
1102 524 1335 573 perpaulum
1370 522 1509 561 discre-

178 594 326 636 pantes.
368 585 428 624 his
448 587 630 625 adtextae
652 593 742 624 sunt
762 585 861 624 aliae
884 586 967 624 siue
989 586 1154 626 fabellae
1174 587 1258 626 siue
1279 587 1507 626 fabellarum

178 651 390 701 particulae
411 663 513 701 quae
534 659 669 689 nostro
687 650 852 689 omnino
874 650 1059 701 indignae
1080 660 1182 691 sunt.
1228 652 1286 690 his
1307 659 1508 703 tamquam

177 715 326 755 aceruis
352 715 493 766 partim
523 717 688 763 nullum,
718 717 859 766 partim
893 717 1056 755 Romuli
1077 717 1211 756 nescio
1231 718 1341 756 cuius
1362 731 1509 757 nomen

176 779 411 832 impressum
450 788 521 820 est.
580 779 652 819 iste
685 781 883 819 Romulus
923 780 991 831 qui
1031 781 1144 820 fuerit
1182 795 1313 832 quoue
1351 785 1508 823 saeculo

177 845 325 895 uixerit,
348 859 517 886 suumne
546 860 596 884 an
622 848 795 885 alienum
825 845 865 885 id
895 859 1042 885 nomen
1073 846 1239 886 ediderit
1266 849 1428 886 adfatim
1458 850 1507 888 ab

176 909 446 962 ignorantibus
484 911 742 962 disputatum·
767 918 826 950 est
865 919 913 959 et,
957 919 999 950 ut
1039 912 1191 963 opinor,
1233 912 1507 964 disputabitur.

176 975 382 1026 plagiarius
421 984 526 1016 certe
560 976 628 1027 qui
659 977 774 1015 flores
814 990 860 1015 ex
899 976 1070 1027 prologis
1106 977 1274 1016 Phaedri
1301 979 1507 1029 decerptos

175 1040 382 1081 intexuerit
416 1055 498 1090 suo,
527 1042 698 1096 auctoris
726 1055 874 1087 nomen
909 1041 1116 1090 reticuerit,
1148 1056 1229 1082 non
1261 1045 1409 1094 graguli
1444 1045 1507 1083 ille

175 1105 337 1156 quidem
359 1106 419 1145 sui
441 1106 756 1157 Phaedrianique
777 1105 957 1158 (Romul.
976 1108 1029 1145 II.
1054 1121 1112 1156 xv,
1130 1108 1292 1146 Phaedr.
1310 1108 1340 1147 Ι.
1362 1108 1419 1159 iii>
1440 1116 1506 1147 aut

174 1184 375 1221 pauonum
394 1186 554 1211 memor.
583 1173 659 1211 hoc
675 1179 808 1210 tamen
823 1171 876 1210 illi
893 1171 991 1210 uitio
1004 1185 1255 1223 nequaquam
1271 1174 1505 1212 uertendum

175 1243 233 1275 est
253 1236 285 1275 si
306 1237 427 1276 modo
448 1236 530 1276 eius
551 1250 671 1287 opera
691 1237 866 1276 euenerit
888 1244 930 1275 ut
955 1238 1136 1276 Phaedro
1157 1251 1226 1276 sua
1246 1250 1314 1276 seu
1334 1237 1506 1276 carmina

174 1314 243 1340 seu
264 1301 482 1341 carminum
504 1302 717 1353 particulae
739 1303 823 1341 siue
854 1302 971 1341 etiarn
1007 1302 1128 1341 uerba
1157 1302 1370 1354 aliquando
1402 1302 1505 1342 resti-

174 1375 343 1407 tuantur.
384 1369 434 1407 de
451 1381 531 1418 quo
561 1381 653 1407 mox
674 1367 896 1407 uidendum
918 1369 1000 1407 erit.

229 1434 310 1473 Hic
338 1435 535 1472 Romulus
573 1433 688 1484 igitur
714 1442 853 1473 nactus
880 1434 1049 1473 Phaedri
1076 1436 1284 1486 exemplar,
1313 1436 1395 1474 siue
1425 1434 1503 1473 suis

173 1499 304 1538 adhuc
320 1499 443 1538 uincti
459 1499 632 1538 numeris
651 1513 719 1538 seu
737 1500 814 1538 iam
830 1499 871 1537 in
887 1500 1089 1550 pedestres
1110 1499 1237 1548 soluti,
1257 1500 1416 1539 fabellas
1432 1513 1503 1550 pro

172 1563 332 1604 arbitrio
352 1565 525 1604 delectas
554 1564 692 1604 ordine
713 1572 751 1603 et
772 1564 902 1604 uerbis
923 1566 1129 1615 plerasque
1149 1573 1187 1604 et
1207 1565 1323 1604 rebus
1343 1579 1504 1616 quoque

172 1643 253 1669 non
274 1631 400 1669 nullas
426 1629 584 1670 licentia
610 1632 698 1681 plus
728 1643 846 1680 quam
878 1630 1079 1669 Perottina
1108 1631 1343 1670 deformatas
1373 1631 1503 1682 potius

172 1707 292 1745 quam
312 1696 550 1744 reformatas,
569 1695 684 1735 nouis
698 1708 859 1746 quoque
879 1695 1029 1746 aliquot
1048 1695 1184 1735 nescio
1200 1696 1306 1734 unde
1326 1695 1500 1744 adiectis,

165 1759 212 1809 jn
225 1761 345 1800 libros
361 1769 547 1812 quattuor
562 1775 653 1801 cum
671 1760 849 1812 quinque
866 1762 1069 1801 Phaedrus
1082 1761 1316 1801 confecisset
1329 1761 1499 1813 digessit.

172 1834 347 1866 recoctas
373 1827 441 1866 tali
465 1828 588 1866 modo
609 1827 761 1866 fabulas
782 1828 873 1866 trito
900 1827 977 1865 iarn
999 1827 1197 1866 uocabulo
1212 1840 1342 1878 neque
1369 1829 1502 1867 admo-

171 1892 267 1931 dum
289 1900 331 1931 ut
351 1892 591 1943 quibusdam
621 1893 777 1931 uidetur
800 1892 930 1932 alieno
952 1894 1211 1943 Paraphrases
1244 1901 1502 1943 auctoresque

171 1968 305 1996 earum
326 1958 605 2008 Paraphrastas
615 1958 871 2008 appellamus,
896 1959 1155 2008 Paraphrases
1172 1971 1218 1996 ex
1235 1958 1501 2008 compluribus

172 2022 377 2062 codicibus
390 2025 633 2074 collegerunt
648 2030 686 2062 et
702 2023 991 2074 disposuerunt,
1010 2031 1050 2062 ut
1063 2025 1113 2063 de
1131 2023 1322 2074 prioribus
1338 2031 1498 2072 taceam,

173 2087 399 2138 Leopoldus
422 2088 626 2128 Hervieux
646 2089 718 2127 Les
737 2090 951 2128 Fabule'stes
979 2090 1101 2128 latins
1132 2097 1227 2128 tom.
1251 2088 1276 2127 ii
1297 2088 1436 2142 (1894)
1463 2098 1501 2128 et

172 2151 364 2204 Georgius
384 2154 525 2192 Thiele
545 2155 635 2192 Der
658 2154 872 2192 lateinisclae
900 2155 1024 2204 Aesop
1049 2156 1111 2192 des
1129 2155 1320 2192 Romulus
1348 2155 1484 2206 (1910)
1491 2186 1500 2204 ,

172 2218 239 2267 qui
261 2219 362 2257 illius
383 2227 534 2270 reperta
546 2219 688 2270 partim
703 2219 865 2258 sublatis
881 2221 1032 2270 aliquot
1050 2219 1243 2258 erroribus
1260 2219 1499 2268 emendauit,

172 2282 312 2333 partim
347 2283 472 2335 copiis
506 2284 620 2324 nouis
654 2284 920 2335 locupletauit.
974 2284 1268 2335 utriuscumque
1302 2298 1413 2324 curas
1448 2286 1501 2324 in-

173 2347 352 2398 spicienti
383 2349 507 2389 cuiuis
535 2350 646 2389 facile
673 2349 876 2401 apparebit
901 2349 940 2388 in
971 2351 1192 2400 complures
1221 2350 1377 2389 codices
1405 2351 1499 2390 illud

175 2415 337 2454 Romuli
357 2415 470 2466 quasi
502 2429 645 2467 corpus
672 2416 899 2454 fabellarum
926 2427 1007 2454 non
1033 2414 1226 2465 integrum
1256 2416 1410 2454 uenisse
1430 2417 1498 2455 sed

814 2493 862 2517 Vll
