1747 2745
784 176 1071 213 Al’l'ENDIX
1107 174 1432 213 PEROTTINA
1466 173 1522 211 IX

683 343 737 377 lx

390 444 515 483 nivo,
548 443 702 473 ravis·
727 443 791 472 12⁰1·
814 442 1029 472 GALJJNA

504 534 554 564 Dc
571 534 747 564 mulierum
766 533 903 563 libidine

247 629 334 665 DIS
361 631 399 664 el
422 627 561 664 deabus
588 623 793 678 (munibus)
812 623 1079 676 praesentibus
1477 640 1525 665 χει

194 706 284 730 cum
313 690 535 730 castitatem
566 691 668 730 Iuno
699 690 874 728 laudaret
906 702 1014 727 suam
1512 706 1521 726 1

194 771 268 794 uno
298 756 459 794 maritae
487 757 623 808 qetfil’j‘e
651 761 841 794 contentae
870 755 964 801 uiro,
1472 771 1480 792 1
1501 755 1524 793 b

193 820 446 860 iucunditatis
476 835 637 860 causam
666 822 804 859 Venus
834 821 939 859 haud
969 820 1160 870 repudiat.

192 888 420 936 nullamque
452 895 494 925 ut
522 887 730 925 affirmaret
762 900 845 924 csse
877 885 928 923 illi
959 898 1102 936 parem,

191 1017 449 1068 interrogasse
479 1017 535 1056 sic
564 1018 749 1068 gallinam
781 1016 945 1056 dicitur:

193 1081 304 1131 ‘Dic,
335 1083 463 1131 sodes,
495 1091 647 1133 quanto
676 1081 804 1132 possis
835 1080 963 1119 satiari
993 1080 1133 1119 cibo?'
1506 1097 1522 1128 5

191 1146 393 1198 respondit
421 1147 488 1186 illa
520 1146 755 1197 ‘Quidquid
784 1145 956 1195 dederis,
985 1147 1076 1184 satis
1106 1147 1188 1192 erit,

191 1213 245 1251 sic
274 1220 317 1251 ut
346 1213 544 1251 concedas
576 1211 746 1263 pedibus
777 1210 927 1262 aliquid
958 1212 1131 1262 scalpere
1146 1211 1164 1248 ’.

195 1278 278 1317 ‘Ne
308 1277 484 1329 scalpas,’
517 1276 644 1328 inquit
679 1278 793 1315 ‘satis
824 1284 883 1316 est
914 1277 1069 1315 modius
1099 1273 1262 1314 tritici?

194 1345 338 1383 ‘Plane
365 1342 492 1383 immo
521 1345 688 1382 nimium
720 1351 805 1391 est3
844 1343 914 1382 sed
944 1342 1144 1392 permittes
1173 1339 1397 1391 scalpereP'

194 1409 276 1447 ‘Ex
303 1415 389 1448 toto
419 1423 469 1448 ne
500 1409 597 1460 quid
629 1411 790 1459 scalpas,
824 1407 921 1459 quid
950 1406 1201 1446 desideras?’
1485 1422 1523 1444 10

192 1480 276 1513 turn
304 1473 478 1525 denique
510 1473 576 1513 illa
605 1475 708 1512 fassa
737 1482 795 1513 est
825 1481 986 1511 naturae
1015 1472 1184 1509 malum:

195 1540 328 1578 ‘Licet
357 1539 542 1578 horreum
572 1539 628 1578 mi
657 1547 800 1591 pateat,
831 1551 904 1589 ego
933 1538 1104 1587 scalpam
1135 1544 1265 1575 tamen
1281 1535 1302 1574 '.

192 1602 321 1643 risisse
351 1605 456 1643 Iuno
483 1604 628 1643 dicitur
657 1603 822 1643 Veneris
853 1603 970 1650 iocos,

193 1667 284 1720 quia
312 1682 381 1720 per
410 1669 595 1720 gallinam
626 1667 822 1708 denotarit
851 1669 1027 1707 feminas.

238 1770 399 1813 1X(X1).
431 1770 470 1805 H
498 1785 568 1814 114,
601 1771 665 1805 Th
693 1774 744 1813 58.
839 1783 850 1803 1
866 1771 914 1811 a*‚
933 1770 976 1803 b*
999 1781 1114 1802 uersus
1133 1773 1306 1811 praeeunte
1330 1769 1462 1801 Haucto
1486 1779 1524 1800 cx

193 1815 502 1858 Paraphrastarum
527 1817 655 1849 indiciis
683 1817 819 1848 restitui.
941 1815 1058 1846 liabent
1081 1818 1192 1845 autem
1210 1815 1273 1845 Ro.
1293 1824 1331 1844 cx
1347 1816 1442 1854 parte
1461 1812 1524 1844 diis

194 1860 387 1900 deabusque
401 1862 638 1901 praesentibus
653 1861 738 1892 Iuno
753 1859 910 1891 laudabat
924 1859 1108 1890 castitatem
1123 1862 1158 1889 et
1171 1857 1393 1898 persuadebat
1407 1857 1525 1887 melius

195 1913 270 1935 esse
288 1909 324 1935 ut
340 1903 466 1937 semina
482 1905 540 1936 uni
561 1910 653 1936 esset
676 1905 856 1936 coniuncta
879 1903 1079 1943 proprioque
1100 1912 1161 1933 suo
1181 1902 1359 1940 sufficeret,
1379 1911 1418 1932 ex
1432 1904 1526 1942 parte

195 1957 271 1979 uero
286 1947 352 1979 diis
370 1949 402 1980 d.
419 1959 469 1990 pr.
489 1949 574 1981 Iuno
594 1950 709 1989 coepit
732 1948 870 1979 laudare
890 1947 1076 1977 castitatem
1098 1949 1131 1975 et
1151 1945 1257 1976 suasit
1277 1944 1436 1984 optimam
1454 1943 1524 1974 sore

195 1990 353 2023 seminam
383 1999 578 2024 contentam
611 1993 712 2024 unius
744 1991 806 2023 uiri
837 1992 917 2031 (uno
945 1989 1030 2028 uiro)
1058 1988 1207 2028 nihilque
1237 1992 1334 2018 extra
1363 1997 1525 2027 quaerere

194 2039 292 2076 alque
306 2036 342 2067 in
357 2036 496 2068 eandem
511 2038 706 2068 sententiam
723 2036 782 2068 secl
795 2035 926 2067 breuius
945 2038 974 2064 et
989 2031 1169 2073 corruptius
1188 2030 1286 2063 Wiss.
1332 2030 1442 2062 Have!
1452 2033 1527 2070 post

195 2089 227 2110 u.
251 2089 265 2110 1
291 2080 336 2111 sic
364 2079 464 2112 edidit
489 2081 540 2112 dis
567 2086 602 2112 et
630 2081 755 2112 deabus
788 2090 946 2111 asserens
974 2075 1209 2118 praesentibus
1229 2073 1234 2118 Ι
1255 2075 1336 2106 mari
1365 2074 1523 2113 coniungi

196 2123 317 2154 melius
339 2124 396 2155 uni
423 2125 579 2156 seminam
713 2125 753 2155 2*
779 2134 911 2156 causam
927 2120 1099 2162 Jamtelli:
1122 2129 1222 2151 causa
1237 2118 1306 2151 NV
1322 2119 1372 2158 (cf.
1390 2117 1524 2149 iocandi

196 2176 294 2197 causa
311 2166 375 2199 Ro.
398 2165 530 2205 Wiss.):
556 2178 673 2200 ansam
689 2168 817 2209 Haupt,
827 2168 910 2207 fort.
931 2170 1006 2198 recte
1115 2164 1204 2195 haud
1223 2162 1375 2203 repudiat
1390 2161 1525 2202 scripsi:

197 2221 264 2241 non
281 2211 416 2250 repellit
431 2210 519 2243 NV:
543 2222 611 2243 non
629 2213 739 2243 renuit
755 2212 867 2242 Havet
972 2220 992 2250 3
1003 2209 1042 2241 b*
1066 2207 1260 2241 sententiam
1276 2205 1395 2237 amissi
1409 2213 1525 2236 uersus

196 2264 294 2294 quem
302 2254 520 2294 fistiuissime
539 2259 752 2296 corruperunt
773 2255 1018 2297 Paraplzrastae
1039 2254 1075 2284 in
1096 2254 1184 2284 hunc
1205 2250 1343 2282 modum
1367 2248 1525 2279 restituere

196 2301 332 2328 conatus
347 2308 425 2328 sum

464 2343 618 2382 quamuis
634 2342 819 2382 patientem
840 2341 975 2372 lanificii
994 2345 1027 2371 et
1046 2340 1254 2371 domisedam

195 2383 237 2425 9*
260 2385 325 2415 imo
338 2383 388 2416 N:
412 2395 479 2416 uno
494 2385 526 2416 V
583 2386 710 2425 sustuli
718 2395 848 2416 comma
859 2384 951 2425 quod
959 2383 1061 2424 uulgo
1068 2387 1144 2424 post
1154 2383 1254 2422 plane
1264 2380 1382 2411 liabent
1447 2388 1521 2418 per—

197 2428 311 2458 mittes
328 2427 455 2460 Havet:
481 2428 638 2468 permitte
654 2428 722 2459 NV
836 2427 894 2459 10*
918 2427 1110 2467 intcrpunxi
1128 2430 1167 2457 ut
1183 2426 1303 2466 Speyer
1418 2432 1454 2453 12
1479 2421 1521 2452 mi

191 2470 362 2509 Jmmellt':
383 2471 461 2500 mihi
477 2469 545 2500 NV
615 2483 647 2509 ¹4
675 2482 759 2509 <piae
772 2471 880 2501 llaec!
942 2470 1111 2500 denotarit
1123 2468 1254 2500 Havct:
1276 2466 1449 2498 denotauit
1460 2464 1528 2495 NV
