1747 2745
665 165 832 202 LIBER
868 167 1076 205 PRIMVS
1109 170 1457 207 XXVI-XXVIII

188 271 378 309 Humana
407 271 599 310 effodiens
628 284 716 309 ossa
748 275 1000 312 thensaurum
1033 275 1140 313 canis

133 334 295 383 inuenit,
327 344 375 382 et,
409 335 570 374 uiolarat
600 336 693 387 quia
725 338 866 377 Manes
895 339 1003 386 deos,

133 400 275 438 iniecta
303 407 363 438 est
392 399 444 438 illi
475 399 700 439 diuitiarum
731 402 937 452 cupiditas,
1443 421 1459 453 5

132 476 282 515 poenas
311 472 352 503 ut
383 472 542 503 sanctae
571 465 746 515 religioni
780 468 978 516 penderet.

132 527 275 579 itaque,
306 542 444 567 auruin
475 530 570 568 dum
601 529 775 569 custodit
804 531 950 569 oblitus
980 531 1069 578 cibi,

132 594 235 632 same
263 601 323 632 est
351 601 622 644 consumptus.
681 608 799 644 quem
830 604 935 634 stans
966 596 1157 636 uulturius
1187 610 1302 648 super

133 660 251 698 fertur
279 660 434 697 locutus
468 659 528 698 ‘O
559 660 678 706 caniS,
711 659 850 698 merito
880 661 994 708 iaces,

132 725 197 775 qui
228 723 449 774 concupisti
480 723 610 763 subito
640 726 786 774 regales
816 738 922 776 opes,
1424 744 1463 767 10

132 788 248 828 triuio
277 797 504 840 conceptuS‚
536 790 726 828 educatus
756 792 961 829 stercorc'.

564 1002 748 1040 XXVIII

430 1107 594 1139 VVLPIS
620 1107 677 1138 ET
700 1107 877 1147 AQVILA

187 1205 383 1253 QvAMvis
414 1204 601 1243 sublimes
632 1205 778 1244 debent
810 1207 977 1245 humiles
1007 1215 1192 1254 metuere,

132 1268 309 1308 uindicta
337 1269 456 1309 docili
487 1270 578 1320 quia
609 1278 714 1321 patet
745 1272 949 1311 sollertiae.

185 1334 382 1384 Vulpinos
412 1335 563 1373 catulos
592 1335 724 1385 aquila
753 1338 956 1386 quondam
987 1339 1151 1387 sustulit,

132 1399 308 1451 nidoque
338 1399 469 1451 posuit
499 1399 613 1451 pullis
643 1413 773 1438 escam
805 1409 846 1439 ut
875 1411 1088 1452 carperent.

132 1465 234 1503 hanc
264 1472 469 1515 persecuta
500 1472 622 1503 mater
651 1477 760 1504 orare
790 1464 937 1515 incipit,

131 1542 182 1568 ne
212 1537 365 1568 tantum
397 1530 560 1568 miserae
589 1530 738 1567 luctum
771 1529 995 1580 importaret
1026 1531 1109 1570 sibi.

131 1595 370 1644 contempsit
400 1593 475 1641 illa,
506 1601 590 1632 tuta
619 1593 765 1643 quippe
796 1594 880 1644 ipso
911 1596 1008 1633 loco.

133 1659 270 1708 uulpes
299 1658 351 1696 ab
379 1671 445 1696 ara
475 1657 600 1708 rapuit
629 1659 834 1697 ardentem
866 1660 1002 1703 facem,

131 1731 336 1773 totamque
366 1722 532 1761 flammis
563 1723 743 1762 arborem
774 1723 1044 1771 circumdedit,

132 1788 233 1826 hosti
263 1788 440 1826 dolorem
471 1788 620 1827 damno
652 1789 822 1827 miscens
852 1790 1062 1839 sanguinis.
1423 1807 1460 1829 ιο

131 1851 273 1903 aquila,
306 1860 348 1892 ut
378 1852 524 1904 periclo
555 1853 689 1892 mortis
721 1853 884 1904 eriperet
914 1868 1017 1902 suos,

132 1917 351 1958 incolumes
381 1927 494 1959 natos
525 1921 688 1971 supplex
719 1919 827 1971 uulpi
858 1920 1039 1960 reddidit.

1442 1482 1460 1514 ζῆ

177 2050 196 2080 5
212 2043 242 2071 et
256 2040 277 2071 6
301 2040 388 2072 inter
400 2050 434 2071 se
449 2040 710 2081 transponendos
727 2050 792 2070 esse
811 2039 892 2071 coni.
913 2039 1021 2070 Havct
1157 2049 1173 2077 7
1198 2038 1343 2078 distinxi,
1363 2038 1464 2080 uulgo

132 2083 257 2115 oblitus
281 2083 345 2115 cibi
369 2094 445 2115 cum
469 2084 672 2124 sequentibus
697 2086 844 2124 iungunt
951 2083 989 2124 9*
1015 2083 1103 2113 iaces
1119 2081 1170 2112 P:
1195 2082 1258 2113 luis
1275 2081 1462 2122 Ad.:sort.

134 2127 288 2158 meritum
305 2127 373 2164 luis
466 2137 500 2157 11
528 2128 691 2158 educatus
710 2127 863 2167 Bentley:
889 2132 922 2157 et
939 2127 990 2158 ed.
1011 2126 1043 2156 P

178 2170 343 2202 XXVIII.
369 2167 408 2202 H
421 2180 473 2210 29,
487 2168 550 2201 Th
564 2172 611 2202 16.
693 2181 705 2201 1
733 2171 876 2201 humiles
891 2170 958 2202 Ad.
972 2169 1059 2200 Pitlz.
1078 2170 1135 2207 (·is
1148 2168 1291 2210 Havet):
1312 2169 1463 2200 homines

134 2214 276 2245 humiles
289 2213 323 2244 P
397 2224 416 2244 2
440 2214 599 2245 solertiae
613 2214 752 2255 Rigault
766 2225 773 2245 ι
795 2215 839 2244 -ia
854 2213 886 2244 P
961 2224 980 2252 4
1005 2214 1114 2253 posuit
1128 2212 1162 2243 P
1173 2211 1268 2244 Wtss.
1284 2224 1291 2243 :
1310 2213 1464 2252 apposuit

133 2257 203 2289 Ad.
224 2257 383 2288 Heinsius
464 2263 621 2297 carperet
641 2258 820 2289 Heinsius:
839 2263 874 2288 ut
893 2258 1004 2296 (quos)
1026 2257 1118 2287 daret
1137 2257 1189 2287 uel
1206 2257 1343 2287 daturus
1359 2255 1462 2286 Para·

130 2301 288 2342 phrastae
385 2309 405 2340 5
429 2306 607 2340 prosecuta
625 2301 687 2332 Ro.
707 2300 802 2332 les.
825 2311 833 2331 :
857 2310 946 2340 pers.
963 2301 1039 2332 PR'
1160 2300 1199 2330 8*
1225 2300 1342 2339 uulpes
1355 2299 1439 2330 Pillr.
1457 2310 1463 2330 :

136 2343 292 2385 uulpisP
348 2354 392 2375 an
405 2345 560 2375 ardorem
573 2343 679 2376 sacis?
751 2345 806 2375 ιο*
833 2342 1299 2384 miscensPParaphraslae:
1323 2343 1465 2373 iniciens

135 2388 198 2419 Iac.
221 2387 351 2419 Gronov
443 2398 476 2419 11
505 2388 632 2427 periclo
654 2387 766 2419 P1·tl1.:
794 2387 943 2426 pericolo
961 2386 993 2416 Ρ
1007 2391 1043 2416 ut
1059 2387 1138 2417 alibi
1227 2396 1265 2417 12
1290 2385 1464 2416 incolumis

140 2431 236 2462 Wiss.
255 2431 384 2462 Havelz
410 2431 593 2463 incolomes
611 2430 687 2462 PR'
779 2431 922 2461 reddidit
941 2430 1204 2471 Pamplnuslae:
1230 2430 1365 2461 tradidit
1382 2429 1414 2462 P

205 2499 296 2520 unae
1358 2487 1376 2517 2
