1747 2745
203 153 462 191 PHAEDRI
494 153 844 191 FABVLARVM

203 264 326 302 factus
357 264 502 314 periclo
532 262 587 302 sic
615 264 854 313 gubernator
883 264 1032 314 sophus

205 330 347 366 ‘Parce
376 329 546 378 gaudere
575 336 731 378 oportet
761 336 799 367 et
829 328 974 367 sensim
1005 328 1126 379 queri,

203 400 326 432 totam
356 393 448 444 quia
477 392 599 432 uitam
630 394 768 432 miscet
797 394 911 432 dolor
940 401 977 432 et
1007 394 1195 444 gaudium
1211 397 1229 433 ².
1499 410 1537 433 10

618 525 764 563 XVIII
796 524 932 577 (XIX)

312 610 464 642 CANES
491 610 704 642 LEGATOS
731 609 983 642 MISERVNT
1001 611 1066 641 AD
1093 611 1238 642 IOVEM

258 689 400 728 CANEs
430 688 578 738 legatos
609 687 702 726 olim
735 687 874 727 misere
905 689 955 726 ad
988 689 1139 736 Iouem,

205 753 366 792 meliora
394 752 498 792 uitae
528 760 705 803 tempora
735 761 889 792 oratum
919 766 1023 801 suae,

206 827 246 858 ut
276 832 361 858 sese
391 818 556 869 eriperet
586 818 793 857 hominum
823 818 1086 866 contumeliis,

206 883 415 922 furfuribus
445 883 519 922 sibi
549 896 806 933 consparsum
837 884 945 932 quod
976 897 1119 934 panem
1148 885 1298 929 darent,

207 951 380 1000 fimoque
411 950 512 1000 turpi
544 949 712 987 maxime
743 950 944 999 explerent
974 950 1129 988 famem.
1522 965 1539 996 5

206 1014 369 1066 profecti
399 1023 490 1053 sunt
520 1014 635 1065 legati
666 1028 747 1054 non
777 1014 892 1053 celeri
923 1015 1052 1065 pede3

206 1082 302 1120 dum
332 1080 491 1119 naribus
522 1088 742 1118 scrutantur
772 1094 902 1119 escam
934 1081 973 1118 in
1003 1089 1183 1128 stercore,

207 1146 313 1185 citati
344 1159 424 1185 non
454 1147 707 1196 respondent.
766 1142 831 1184 uix
863 1147 1024 1185 tandem
1054 1145 1205 1185 inuenit

208 1227 275 1252 eos
307 1212 526 1251 Mercurius
556 1220 594 1251 et
624 1211 801 1250 turbatos
831 1211 1011 1256 adtrahit.

208 1287 292 1317 tum
322 1291 428 1326 uero,
460 1278 613 1316 uultum
646 1278 776 1327 magni
807 1284 849 1315 ut
878 1276 1064 1315 uiderunt
1095 1278 1215 1325 Iouis,
1506 1291 1544 1315 10

209 1349 331 1382 totam
362 1342 549 1381 timentes
579 1348 844 1380 concacarunt
874 1341 1031 1392 regiam.

210 1416 315 1448 uetat
345 1406 489 1447 dimitti
520 1421 684 1457 magnus
714 1406 801 1445 illos
833 1406 1034 1457 Iuppiter3
1507 1423 1544 1454 13

210 1473 384 1525 propulsi
414 1487 507 1512 uero
537 1472 705 1511 fustibus
735 1473 886 1511 uadunt
918 1473 1028 1510 foras.
1507 1488 1543 1511 12

212 1581 340 1621 mirari
371 1581 443 1620 sibi
474 1583 622 1632 legatos
652 1594 733 1620 non
764 1580 967 1627 reuertier3
1507 1596 1545 1628 14

211 1657 324 1699 turpe
353 1647 606 1687 aestimantes
635 1644 786 1695 aliquid
815 1645 1073 1684 commissum
1102 1659 1125 1684 a
1155 1646 1245 1692 suis,

211 1721 300 1765 post
328 1713 490 1763 aliquod
521 1719 676 1762 tempus
706 1711 803 1749 alios
833 1709 1003 1749 adscribi
1034 1710 1181 1749 iubent.

213 1793 344 1819 rumor
374 1786 531 1822 cacatus
561 1775 778 1827 superiores
808 1775 1007 1826 prodidit:

213 1845 395 1885 timentes
425 1856 555 1882 rursus
584 1841 734 1892 aliquid
765 1854 815 1880 ne
845 1840 971 1880 simile
1000 1842 1165 1895 accidat,

213 1911 336 1949 odore
365 1908 529 1947 canibus
558 1920 690 1954 anum,
723 1906 792 1944 sed
823 1907 960 1953 multo,
992 1908 1155 1957 replent.

257 2015 295 2046 8*
321 2013 448 2054 periclo
457 2012 558 2053 ‘qnod
566 2010 830 2050 Rittcrslzausen)
843 2010 892 2041 sic
905 2010 1113 2050 scrt'l‘vsz'(tun1
1126 2009 1308 2050 Pztl1.edd.)
1321 2021 1326 2041 :
1348 2010 1547 2050 periculosis

217 2058 381 2098 (periculo
405 2057 453 2088 sis
479 2056 541 2096 R')
568 2061 637 2086 tum
663 2054 728 2085 PR
840 2055 967 2094 sophos
991 2054 1045 2084 R:
1079 2055 1208 2095 sophus
1233 2053 1281 2085 P:
1316 2060 1415 2094 σοφος
1438 2053 1549 2086 Havet

219 2113 256 2133 10
280 2102 354 2142 quis
371 2102 499 2132 Havet:
524 2110 609 2140 quae
626 2099 675 2130 P:
700 2109 765 2138 que
782 2097 828 2128 R'

258 2145 388 2177 XVIH.
412 2141 452 2175 H
468 2145 520 2176 68.
612 2143 654 2174 In
678 2142 771 2173 titulo
795 2141 911 2172 addidi
927 2151 1112 2180 ΜῐεεῐὶνΝτ,
1134 2140 1243 2172 Havet
1267 2150 1405 2181 mismuz,
1429 2151 1494 2173 om.
1516 2139 1552 2171 P

214 2199 234 2219 2
258 2189 398 2220 meliora
424 2211 432 2219 .
458 2212 465 2218 .
492 2211 500 2219 .
528 2192 681 2227 tempora
711 2185 871 2216 Vrsinus:
905 2185 1055 2215 melioris
1081 2208 1089 2217 .
1118 2208 1124 2215 .
1153 2209 1160 2215 .
1188 2190 1320 2225 tempus
1345 2184 1379 2215 Ρ
1467 2195 1486 2223 3
1511 2188 1547 2215 ut

215 2232 379 2264 Heinsius
395 2243 401 2263 :
426 2232 473 2263 uti
489 2230 523 2262 Ρ
610 2230 754 2269 eriperet
774 2228 884 2260 Gude:
909 2229 1080 2268 abriperet
1098 2228 1162 2259 PR
1259 2239 1278 2267 4
1303 2228 1420 2260 darent
1435 2227 1546 2259 Palm

216 2277 312 2307 daret
328 2275 362 2306 Ρ
447 2285 466 2314 5
491 2274 637 2306 maxime
657 2272 811 2304 Mueller:
837 2272 1015 2303 maximam
1032 2271 1066 2301 P
1143 2283 1192 2309 12,
1215 2272 1270 2311 13*
1295 2272 1380 2303 inter
1392 2282 1425 2303 se
1439 2275 1547 2303 trans-

213 2319 314 2361 posui
399 2319 490 2350 Ante
510 2329 547 2358 14
572 2317 735 2348 omissum
753 2317 789 2347 in
806 2315 841 2346 P
855 2326 991 2346 uersum
1006 2315 1052 2346 sic
1065 2316 1231 2356 suppleuit
1244 2315 1340 2346 Riese

507 2372 610 2394 canes
628 2361 758 2391 interea
773 2359 830 2399 qui
848 2359 913 2390 illis
929 2368 1000 2389 rem
1018 2360 1264 2390 mandauerant

219 2417 257 2447 14
281 2406 390 2439 mirati
403 2405 492 2438 Pith,
507 2416 514 2438 :
536 2404 647 2435 mirari
662 2403 738 2434 PR'
842 2412 880 2442 15
904 2401 1029 2442 aliquid
1043 2402 1259 2434 commissum
1272 2401 1381 2434 Fiam
1411 2401 1544 2442 aliquod

217 2452 381 2484 comisum
398 2450 432 2482 P
514 2450 553 2480 16
576 2447 676 2480 asciri
690 2446 734 2478 R'
748 2445 908 2478 Heinsius
992 2445 1050 2486 17ss
1074 2451 1208 2478 cacatus
1220 2445 1350 2487 scripSi:
1374 2446 1504 2486 legatos
1517 2444 1551 2475 Ρ
