1747 2745
434 159 909 196 ADDITAMENTVM
953 158 1239 197 CRITICVM

257 278 306 308 19.
333 268 444 299 uritur
457 268 591 299 codices
609 278 668 307 pro
688 268 756 298 urit
771 271 805 297 ut
822 265 925 297 datur
938 277 998 306 pro
1015 265 1073 297 dat
1090 266 1152 297 111.
1171 277 1199 305 7.
1217 276 1270 299 22.

255 323 308 351 24.
335 312 483 342 reuinxit.
536 311 573 343 C.
595 311 654 342 Ph.
675 311 710 343 P.
734 321 794 349 103
821 311 861 342 cf.
883 310 1004 343 Catull.
1023 311 1079 341 lxi.
1100 321 1152 350 33.

254 356 306 386 28.
332 355 373 386 A.
391 355 422 393 J.
443 355 502 385 Ph.
521 364 596 394 390.

211 399 278 430 xiv.
305 401 335 431 6.
362 398 411 429 Cl.
431 398 491 429 Ph.
510 400 584 439 269,

255 453 305 474 21.
328 443 490 484 proxime,
517 453 583 473 non
604 442 812 483 proximum.
877 442 987 482 ipsum
1022 447 1146 473 tectum
1181 441 1294 473 subire
1327 446 1500 472 reueretur

166 486 301 518 asellus.

256 540 309 568 27.
338 534 472 561 re'crcare
483 540 643 569 nusquam
662 529 731 570 legi
749 530 879 561 notauit
896 530 1082 569 Quicherat
1100 530 1133 560 in
1150 529 1327 560 Thesauro
1346 528 1496 568 Poetico,

166 584 228 605 nec
260 574 344 605 satis
379 573 489 604 simile
518 574 598 604 illud
627 573 818 605 ‘reccidat’
845 573 907 606 111.
934 573 1027 605 xviii.
1064 583 1125 612 153
1156 573 1216 604 sed
1249 572 1330 603 nihil
1359 571 1497 611 mutaui,

164 618 322 656 quamuis
356 618 551 658 reciperatas
577 617 715 658 gaudiis
747 616 875 657 optime
908 617 970 648 dici
996 622 1030 647 et
1061 616 1168 647 Varro
1200 616 1242 648 R.
1262 616 1306 648 R.
1339 616 1359 648 i.
1397 627 1445 657 13.
1483 625 1496 646 1

165 663 172 677 ⁶
187 671 224 691 se
242 662 355 700 quiete
382 661 595 701 reciperarc’
622 662 831 692 demonstret
855 666 888 692 et
911 661 1086 692 Vitruuius
1110 660 1141 692 ii.
1166 670 1196 700 9.

208 715 261 736 xv.
283 715 312 744 7.
340 705 389 736 Cl.
413 705 455 737 R.
474 716 527 736 21.

256 758 304 779 10.
330 747 370 779 A.
392 749 424 787 J.
446 749 507 780 Ph.
530 759 603 788 390.

209 792 276 822 xvi.
295 794 327 831 6,
347 802 375 831 7.
403 792 453 824 Cl.
474 793 516 831 Q.
535 794 587 832 96.

209 835 288 866 xvii.
308 837 338 867 6.
366 836 415 868 Cl.
437 837 498 867 Ph.
520 838 583 875 269
601 847 650 875 sq.

253 879 283 910 8.
309 889 380 910 sero
409 880 516 910 dolore
549 885 583 910 et
616 879 789 910 sententia
815 880 990 918 flagitante
1019 879 1161 920 restitui,
1190 878 1230 911 cf.
1261 879 1285 911 1.
1313 878 1383 910 xiii.
1410 889 1441 919 2,
1467 883 1501 910 et

168 922 347 953 uerborum
372 924 557 954 consulens
586 923 819 962 concinnitati,
849 923 889 954 cf.
918 922 943 955 I.
970 923 1015 955 ix.
1044 933 1085 953 10
1107 927 1140 953 et
1156 922 1245 962 App.
1264 923 1334 954 xix.
1352 933 1384 963 9.
1426 922 1503 963 pari

167 967 344 1006 progenuit
361 977 466 1006 error,
488 968 610 998 sz'mtlis
628 967 718 998 illius
736 966 893 1006 querellae
909 967 995 998 male
1013 976 1151 1005 memor,
1173 977 1216 997 ex
1229 966 1274 1007 pi,
1294 966 1326 998 h.
1342 976 1370 998 e.
1389 967 1398 985 ⁴
1412 965 1502 1006 lupi’

166 1010 216 1041 bis
240 1010 376 1051 scripto,
406 1016 462 1042 aut
487 1021 529 1041 ex
554 1021 588 1042 se
612 1010 700 1041 male
727 1010 816 1040 lecto
844 1010 935 1050 (nam
960 1021 986 1050 s,
1014 1016 1119 1049 rete,
1140 1010 1166 1040 -i
1181 1009 1303 1049 passim
1320 1020 1340 1040 a
1357 1009 1503 1040 librariis

168 1054 314 1084 Phaedri
332 1055 617 1093 confunduntur),
636 1064 710 1085 cum
730 1065 766 1084 ro
783 1058 862 1084 ante
880 1053 996 1084 dolore
1013 1053 1076 1084 iam
1094 1054 1250 1084 haustum
1269 1057 1371 1084 esset.

210 1097 277 1128 xix.
298 1098 327 1130 8.
352 1099 490 1129 attraxit
505 1099 587 1129 satis
606 1102 746 1128 tuentur
764 1097 829 1128 loci
847 1098 881 1127 in
899 1097 1074 1128 Thesauro
1092 1097 1211 1128 Latino
1227 1096 1340 1128 adlati.

211 1151 266 1172 xx.
287 1152 316 1180 4.
335 1142 563 1182 simztlpaullo
580 1141 783 1172 insolentius
802 1141 834 1171 in
849 1140 942 1172 exitu
955 1141 1142 1171 sententiae
1157 1140 1300 1180 positum
1314 1141 1355 1171 ad
1370 1139 1502 1171 initium

168 1185 316 1216 traduxit
341 1185 523 1225 Perottus;
556 1190 591 1216 tu
618 1195 700 1216 uero
727 1184 780 1216 sac
808 1184 962 1215 conseras
989 1184 1049 1216 111.
1069 1184 1133 1215 xiv.
1153 1194 1185 1223 3,
1205 1183 1260 1214 IV.
1279 1184 1360 1215 xxii.
1383 1193 1423 1214 10
1438 1183 1504 1214 alia

167 1228 332 1269 simulque
357 1233 494 1269 reputes
519 1230 776 1269 frequentatum
795 1240 814 1260 a
834 1228 989 1259 Phaedro
1007 1228 1041 1258 in
1059 1228 1127 1258 fine
1144 1237 1263 1258 uersus
1282 1228 1346 1258 hoc
1362 1227 1503 1258 uocabu-

168 1273 244 1311 lum,
267 1278 335 1303 turn
352 1278 384 1303 et
402 1273 486 1304 inter
500 1273 597 1304 uillos
615 1278 715 1312 atque
736 1273 916 1302 haeserunt
931 1272 1022 1302 nullo
1040 1272 1143 1302 modo
1161 1271 1391 1302 distrahenda.

211 1318 279 1349 xxi.
296 1326 326 1355 3.
365 1317 518 1358 corripuit
535 1316 699 1357 gradum,
734 1316 820 1355 quod
850 1316 983 1346 dixerat
1010 1315 1173 1346 Horatius
1200 1313 1309 1345 Carm.
1339 1314 1360 1346 i.
1390 1325 1421 1354 3.
1448 1325 1501 1354 33,

169 1360 295 1393 librarii
319 1371 392 1391 cum
418 1361 451 1391 in
475 1361 572 1401 coepit
591 1360 744 1401 gradum
773 1359 862 1390 sacili
882 1370 1000 1390 errore
1019 1359 1260 1399 corrupissent,
1280 1357 1381 1389 metri
1396 1359 1504 1398 gratia

169 1415 229 1445 pro
248 1404 380 1436 nullum
400 1404 537 1435 inlatum
555 1409 606 1435 est
626 1404 813 1442 nemineum
841 1404 880 1434 cf.
903 1403 962 1434 111.
986 1403 1017 1434 ii.
1037 1413 1068 1442 5.

257 1460 285 1489 7.
311 1448 361 1479 Cl.
394 1448 434 1487 Q.
468 1449 511 1487 96
527 1458 576 1488 sq,
634 1449 916 1487 circumspectans,
952 1447 984 1478 h.
1004 1458 1033 1479 e.
1070 1446 1391 1486 circumspectantis.
1454 1446 1503 1477 sic

171 1492 323 1524 Lucanus
347 1491 414 1523 viii.
440 1492 500 1522 861
519 1492 664 1530 fortuna
691 1492 797 1521 iacens
824 1501 884 1531 pro
910 1491 1049 1522 iacentis.

213 1538 301 1568 xxiv.
321 1546 350 1567 2.
377 1535 427 1566 Cl.
449 1535 509 1566 Ph.
530 1546 602 1575 270,
624 1535 672 1566 Cl.
695 1534 735 1573 Q.
756 1545 807 1575 97.

255 1582 286 1611 6.
311 1579 422 1611 dolosa
440 1579 583 1610 sortasse
601 1579 780 1609 ferendum
802 1584 862 1617 est,
883 1578 961 1610 licet
979 1578 1076 1610 aliter
1093 1578 1135 1609 sit
1147 1579 1269 1609 dictum
1288 1577 1322 1608 in
1338 1577 1379 1608 ΙΙ.
1394 1577 1436 1610 iv.
1453 1587 1502 1617 17.

170 1623 273 1654 dolose
282 1623 402 1654 iniuria
412 1623 568 1654 Hauetus
577 1623 721 1653 inuento
733 1633 794 1653 suo
808 1622 968 1661 praetulit
979 1623 1080 1661 longe
1093 1622 1138 1654 illi
1147 1622 1282 1662 quidem
1294 1622 1503 1662 elegantiori.

169 1667 375 1699 szcbblandirt'
386 1667 477 1706 apud
496 1668 674 1698 comoedos
695 1666 961 1697 usitatissimum.

213 1711 302 1743 xxvi.
333 1721 359 1742 1.
391 1710 440 1742 Cl.
468 1710 530 1742 Ph.
556 1721 630 1750 270.
682 1710 715 1741 in
741 1710 803 1740 hac
832 1721 963 1750 quoque
991 1710 1101 1740 sabula
1133 1710 1287 1749 ambigua
1316 1710 1502 1741 traduntur.

169 1756 307 1796 leporem
331 1754 421 1785 enim
448 1754 644 1785 Perottinus
672 1754 790 1793 codex,
816 1753 936 1794 lupum
965 1753 1212 1793 Paraphrastae
1230 1754 1404 1792 inducunt,
1424 1763 1505 1784 mox

169 1799 203 1830 in
228 1810 259 1830 u.
287 1808 307 1838 5
330 1798 384 1829 ille
408 1809 498 1838 agro,
524 1798 558 1829 hi
583 1799 655 1828 iuro
682 1802 868 1837 praestant.
923 1797 985 1828 iam
1012 1798 1053 1828 de
1078 1798 1174 1837 unlpe
1197 1796 1337 1827 fabulam
1363 1797 1506 1829 Babrius

171 1847 283 1873 narrat
297 1853 338 1882 50
353 1842 409 1882 (cf.
426 1842 518 1874 1.vii.
535 1853 549 1873 1
565 1842 678 1882 ibique
691 1842 878 1883 adnotata),
898 1842 1064 1873 iurantem
1077 1842 1162 1872 idem
1175 1841 1376 1872 inducitnec
1390 1845 1504 1872 tamen

171 1886 304 1926 uulpem
322 1886 381 1917 sed
399 1886 569 1917 rusticum.

255 1941 286 1970 9.
306 1930 400 1969 nictu,
429 1930 479 1961 Cl.
507 1930 566 1961 Ph.
590 1940 674 1968 271;
714 1929 811 1960 νεύων
843 1934 934 1961 certe
966 1927 1107 1960 Babrius
1139 1929 1211 1967 sed,
1245 1929 1332 1969 quod
1365 1928 1504 1960 multum

171 1974 323 2014 interest,
343 1974 388 2013 τῷ
407 1973 552 2013 δακτύλῳ
571 1973 637 2012 ille,
661 1984 730 2004 non
750 1973 897 2012 ὄμμασιν.

260 2028 308 2058 13.
334 2028 451 2057 parum
479 2017 620 2048 interest
651 2023 761 2048 utrum
793 2018 963 2048 maximas
997 2028 1048 2047 me
1074 2018 1204 2057 gratias
1229 2026 1271 2047 an
1295 2016 1428 2058 gratias
1454 2026 1505 2047 me

173 2062 342 2092 maximas
357 2061 499 2100 legatur,
518 2062 578 2092 sed
599 2060 681 2092 illud
701 2061 841 2093 facilius.

213 2105 316 2136 xxvii.
342 2106 371 2136 8.
411 2105 452 2135 de
484 2105 603 2135 lacuna
647 2105 688 2137 cf.
715 2105 765 2136 Cl.
794 2105 854 2136 Ph.
883 2115 957 2145 271,
985 2105 1041 2135 ubi
1069 2104 1227 2136 omissum
1257 2114 1391 2135 uersum
1421 2104 1454 2143 (8
1468 2103 1504 2145 b)

169 2149 280 2188 paullo
304 2149 402 2180 aliter
425 2149 617 2188 resormaui,
649 2149 706 2179 uix
731 2148 822 2188 satis,
851 2154 886 2179 ut
911 2159 1000 2179 nunc
1025 2147 1161 2188 quidem
1187 2149 1317 2188 uideor⁷
1336 2148 1503 2179 Wissem-

169 2192 346 2231 burgensis
372 2193 566 2223 testimonio
594 2192 757 2224 tribuens.
821 2192 973 2223 fallacem
999 2192 1179 2222 amantium
1205 2190 1355 2233 ὀαριστύν
1380 2191 1504 2221 inridet

170 2235 354 2272 Phaedrus,
380 2236 596 2275 locutionum,
625 2242 660 2267 ut
685 2237 796 2271 credo,
824 2246 891 2266 non
915 2237 1090 2266 immemor
1114 2236 1230 2275 quales
1255 2240 1333 2267 sunt
1358 2234 1503 2266 Homeri

168 2278 205 2309 Il.
225 2280 306 2311 xxii.
329 2289 386 2318 127
406 2284 439 2310 et
457 2279 629 2310 Theocriti
649 2279 750 2311 xxvii.
770 2281 823 2318 67.

212 2324 326 2354 xxviii.
347 2324 377 2356 8.
403 2324 445 2354 ad
454 2324 648 2364 praemium
664 2323 765 2352 Rank
781 2323 890 2353 adfert
908 2321 1085 2353 Aelianum
1104 2322 1141 2352 de
1156 2322 1235 2356 Nat.
1253 2323 1325 2353 An.
1341 2321 1387 2353 vi.
1405 2331 1447 2360 34
1464 2320 1504 2351 τὸ

170 2366 425 2407 σπουδαζόμενον
451 2366 551 2404 μέρος.
603 2365 744 2406 propius
769 2366 869 2397 etiam
895 2366 976 2396 illud
1002 2365 1168 2396 Silianum
1194 2367 1227 2397 in
1253 2367 1370 2398 eadem
1395 2375 1432 2396 re
1448 2375 1502 2397 xv.

170 2412 210 2449 48
230 2411 381 2442 ‘intento
397 2410 536 2450 praedae
554 2434 560 2440 .
579 2433 586 2440 .
609 2433 616 2440 .
635 2406 755 2440 hoste)

213 2454 304 2486 xxix.
328 2465 355 2485 1.
379 2458 478 2494 prope
496 2453 673 2492 uolantem,
695 2453 802 2483 simile
821 2457 871 2484 est
888 2452 983 2484 xxiii.
1002 2463 1021 2492 3
1041 2454 1166 2493 ‘prope
1185 2453 1347 2485 iacentem
1360 2451 1378 2482 ’.

787 2497 874 2535 xxiv
