1747 2745
403 171 878 209 ADDITAMENTVM
919 171 1204 210 CRITICVM

227 283 258 313 6.
285 281 318 312 in
350 291 451 312 uersu
483 281 618 320 grauius
649 285 807 320 corrupto
840 291 928 311 mem·
952 282 1061 319 tineae,
1088 281 1182 312 euius
1206 281 1335 312 litteras
1360 291 1468 321 paene

140 335 258 357 omnes
278 325 359 356 illud
383 328 537 356 cnczmcta
559 325 731 355 continere
757 324 898 363 uidetur,
924 325 1095 364 temptaui,
1119 326 1159 355 ad
1185 324 1285 356 Ouid.
1313 325 1388 355 ΜΛ.
1416 335 1468 354 xv.

139 378 203 409 373
220 379 270 409 sq.
297 369 482 409 respiciens
506 368 560 399 ubi
583 372 682 407 pocta
703 371 877 406 ‘agrestes
893 367 1014 405 tineae,
1035 378 1089 398 res
1106 368 1283 399 obseruata
1301 368 1441 405 colonis,
1464 371 1468 403 Ι

141 412 233 444 ferali
260 418 390 443 mutant
417 422 491 443 cum
518 411 688 451 papilione
715 411 853 450 figuram
868 412 887 442 '.
943 412 1068 451 quippe
1097 412 1197 442 tineae
1223 411 1347 446 leuitas,
1380 421 1471 442 more

141 456 355 488 Phaedriano
379 456 501 487 dictum
527 455 582 493 (cs.
609 465 639 494 p.
659 455 733 493 xiil,
756 455 879 485 tineam
901 454 1002 485 leuem
1023 455 1236 493 significabit.
1285 460 1351 485 tum
1364 456 1472 496 putris

140 500 222 531 a'm's
237 510 307 531 non
325 500 398 540 ipsa
414 499 563 530 uolucris
579 504 630 529 est
648 499 708 529 sed
726 498 782 529 illa
799 499 930 538 species
947 508 1045 538 quam
1064 498 1192 529 referre
1212 499 1354 530 uidetur.

183 554 266 576 xxx.
288 553 339 574 10.
372 543 509 583 saepius
535 541 694 582 respondit
718 542 771 572 uel
797 542 965 582 rcspondct
989 541 1174 584 Phaedrus,
1201 543 1339 581 saepius
1364 546 1472 572 contra

140 588 326 627 usurpauit,
353 596 531 626 numquam
555 585 652 617 simul
670 590 859 624 utrumque.
916 585 994 624 quid
1021 596 1080 625 pro
1098 595 1158 616 suo
1176 595 1268 616 more
1287 585 1474 624 scripturus

140 631 252 671 suerit,
279 632 482 662 documento
506 634 584 660 sunt
610 629 634 660 1.
661 629 680 661 i.
703 639 738 660 11
762 630 958 667 ‘respondit
975 639 1082 668 agnus
1097 628 1113 667 ’,
1135 629 1216 659 xxii.
1237 641 1255 668 4
1276 631 1283 645 ‘
1298 630 1473 668 respondit

141 675 196 706 ille
210 675 230 715 ’‚
250 674 292 706 11.
311 674 378 706 viii.
402 683 438 713 17
457 677 465 692 ‘
481 673 658 713 respondit
679 683 768 704 unus
783 673 804 710 '‚
828 671 888 703 111.
907 672 950 703 vi.
973 684 991 710 4
1009 677 1042 702 et
1062 674 1150 712 App.
1172 672 1216 704 ix.
1237 675 1257 702 6
1277 675 1285 690 ⁴
1300 673 1472 712 respondit

141 719 196 750 illa
209 718 237 756 ’;
260 719 374 758 itaque
387 718 441 748 hic
454 728 519 749 non
534 721 644 748 contra
663 716 708 746 illi
726 716 941 746 tribuendum
959 716 1018 746 sed
1036 717 1176 755 cantrix,
1197 716 1321 746 litteris
1338 717 1382 755 ix,
1402 727 1422 746 a
1439 721 1473 746 ut

140 762 174 793 in
194 762 291 793 Noua
309 761 387 793 Fab.
403 761 456 792 vii.
477 771 494 800 7
513 761 539 801 (⁴
552 760 721 792 thal1'xmis
735 759 760 800 ’>
776 770 795 790 a
809 759 953 790 librariis
976 759 1139 791 confusis.
1189 759 1230 790 cs.
1249 759 1356 789 Varro
1371 758 1409 790 de
1425 759 1475 790 Re

140 805 282 837 Rustica
299 805 345 836 iii.
363 815 393 844 5.
416 813 453 843 14
474 807 481 820 ‘
496 805 606 845 (aues)
632 803 799 834 cantrices
823 807 858 833 ut
882 802 1078 834 lusciniolae
1104 813 1142 833 ac
1167 802 1337 833 merulae'
1362 807 1405 841 et,
1432 813 1473 833 ne

141 849 229 881 sorte
249 848 511 880 ‘terraneolam'
529 847 583 878 uel
608 847 759 878 alaudam
781 849 788 863 ‘
802 846 985 878 cantricem
999 847 1006 861 ’
1026 856 1101 877 esse
1127 847 1270 883 dubites,
1298 845 1474 877 Marcellus

142 892 228 925 Med.
248 902 302 932 29,
318 902 362 932 30
377 891 576 931 ‘corydalus
597 891 682 929 auis,
706 891 739 922 id
759 896 810 921 est
834 901 917 930 quae
941 889 1061 921 alauda
1087 895 1225 921 uocatur
1241 900 1326 929 quae
1344 890 1472 920 animos

142 937 315 968 hominum
332 935 510 966 dulcedine
528 935 620 965 uocis
637 934 783 965 oblectat
797 935 818 966 ’.

235 989 283 1011 11.
311 979 496 1020 repositum
517 984 592 1019 par,
619 983 695 1018 post
714 983 782 1018 par
803 978 890 1017 quod
916 977 1050 1016 excidit,
1078 987 1175 1008 suum
1195 977 1348 1008 Phaedro
1366 978 1475 1008 reddit

141 1024 338 1056 chiasmum.
389 1023 586 1054 distractum
611 1022 671 1052 sub
696 1022 787 1053 limis
811 1026 844 1052 et
869 1020 894 1051 d
915 1021 1039 1061 littera,
1061 1026 1096 1052 ut
1113 1022 1191 1052 alibi
1211 1032 1351 1061 quoque,
1373 1022 1477 1052 euml

142 1068 283 1100 confusa
304 1066 386 1098 illud
407 1067 468 1097 sub
486 1065 564 1097 diuo
589 1070 797 1106 pepererunt
816 1065 908 1096 nullo
926 1065 1008 1096 satis
1025 1064 1126 1095 simili
1145 1065 1306 1105 exemplo
1324 1075 1474 1106 compro-

143 1113 267 1144 batum.

232 1165 281 1187 12.
307 1154 366 1193 liic,
390 1164 434 1186 sc.
462 1154 494 1185 in
523 1153 666 1194 sublimi,
694 1153 787 1184 nullo
813 1158 912 1194 pacto
936 1153 1058 1184 abesse
1083 1157 1217 1193 poterat
1242 1163 1283 1184 ne
1308 1151 1389 1184 salsa
1414 1162 1474 1192 pro

143 1199 242 1232 salsis
258 1198 456 1240 uulpeculae
472 1198 642 1239 ingereret
657 1197 786 1229 alauda.

598 1302 756 1334 NOVAE
791 1302 1016 1335 FABVLAE.

188 1372 210 1404 i.
227 1382 257 1404 2.
295 1372 405 1403 cuncti
432 1371 583 1403 scribere
616 1369 724 1410 potuit
754 1369 941 1404 Phaedrus,
973 1370 1059 1400 sicut
1092 1369 1228 1409 scripsit
1261 1371 1292 1401 in
1318 1370 1356 1402 V.
1387 1381 1416 1402 v.
1445 1381 1474 1411 5,

144 1416 253 1457 potuit
270 1416 369 1447 etiam
383 1415 486 1457 popul
497 1420 532 1446 ut
545 1414 690 1446 Ouidius
707 1414 800 1445 Fast.
820 1412 864 1444 iii.
880 1415 944 1453 726
957 1413 1092 1453 aliique,
1109 1419 1286 1454 utrumque
1299 1413 1394 1445 simul
1410 1425 1476 1445 non

169 1460 263 1492 otuit.

145 1471 166 1501 p
189 1503 230 1536 iv.
248 1513 279 1542 2,
298 1512 330 1543 3.
363 1502 426 1542 bis,
452 1502 516 1533 nisi
539 1501 645 1541 fallor,
670 1501 724 1532 hie
751 1499 865 1531 turbas
890 1500 983 1532 dedit
1008 1501 1319 1541 homoeographon,
1346 1511 1418 1532 cum
1443 1502 1475 1532 in

148 1547 348 1579 ‘trahebant
361 1546 528 1587 plostrum
540 1546 548 1562 ’
566 1546 640 1583 hoc,
660 1545 748 1585 quod
766 1544 879 1584 utique
897 1555 959 1584 per
975 1556 994 1576 o
1016 1545 1230 1575 scribendum
1247 1550 1310 1583 est,
1328 1550 1407 1576 ante
1424 1545 1479 1576 bos

146 1589 229 1622 dum
257 1590 424 1621 exciderit
451 1594 485 1621 et
513 1599 592 1620 mox
621 1594 698 1629 post
729 1598 828 1619 cornu
853 1598 963 1620 cursu.
1019 1589 1171 1619 ‘cursum
1195 1588 1353 1619 tendere'
1378 1589 1476 1619 etiam

146 1633 326 1674 Vergilius.

233 1689 263 1715 4.
284 1688 316 1718 5.
348 1687 462 1709 crassa
493 1676 647 1708 Minerua
678 1676 924 1716 paraphrastes
955 1675 1059 1715 rqfert,
1089 1676 1178 1715 quod
1206 1676 1294 1706 idem
1324 1675 1412 1707 ualet
1439 1686 1477 1706 ac

148 1720 260 1761 reddit,
284 1723 326 1752 de
346 1721 491 1752 dicendo
516 1720 650 1751 uidetur
673 1719 883 1751 intellexisse
901 1724 936 1750 ut
962 1720 1067 1750 multa
1083 1719 1159 1750 alibi
1176 1719 1274 1750 etiam
1292 1719 1476 1751 socordius.

147 1766 211 1798 iam
239 1765 329 1796 solus
354 1765 475 1797 abesse
504 1775 572 1796 non
605 1769 717 1804 potest
747 1768 780 1794 et
810 1763 963 1802 luctatus,
991 1764 1223 1794 detruncatum
1258 1763 1383 1794 scilicet
1418 1773 1478 1802 per

148 1810 460 1850 homoeographun‚
479 1809 522 1840 de
540 1808 647 1839 bubus
665 1818 775 1848 paene
794 1807 968 1847 proprium
987 1812 1048 1846 esty
1070 1805 1151 1837 Plin.
1169 1806 1211 1838 N.
1225 1806 1271 1836 H.
1290 1807 1380 1838 xviii.
1408 1816 1475 1845 177,

148 1853 251 1894 Verg.
267 1855 305 1886 G.
325 1855 358 1886 ii.
374 1863 450 1893 357,
469 1852 528 1885 Sil.
549 1852 588 1883 It.
606 1853 659 1884 vii.
680 1862 753 1891 359.

191 1899 235 1930 vi.
254 1908 286 1937 2,
302 1908 333 1937 3.
374 1898 457 1929 haee
488 1897 646 1929 secundis
679 1895 768 1927 euris
799 1894 937 1935 propius
963 1895 1005 1926 ad
1031 1893 1174 1925 Phaedri
1200 1893 1475 1925 consuetudinem

147 1941 271 1982 scripsi
289 1947 323 1974 et
340 1941 534 1982 interpunxi
547 1939 569 1981 ;'
582 1941 623 1972 cf.
643 1940 668 1972 1.
689 1939 742 1971 vii.
767 1950 795 1978 1,
816 1939 856 1970 V.
875 1940 916 1971 vi.
939 1950 965 1970 1.

193 1986 289 2025 vii.3.
315 1990 451 2017 amator
461 1986 537 2016 ideo
551 1996 640 2016 nunc
653 1983 796 2025 praetuli
817 1984 906 2023 quod
926 1983 992 2013 uim
1010 1982 1145 2012 amandi
1162 1980 1329 2012 uerbalem
1347 1980 1479 2021 planius

151 2028 276 2061 indicat
306 2040 406 2069 quam
430 2029 571 2061 maritus
595 2034 627 2060 et
653 2028 782 2060 facilius
809 2032 886 2068 post
919 2026 1064 2067 luppiter
1086 2025 1243 2056 excidere
1271 2025 1387 2064 potuit.
1437 2034 1478 2055 ne

151 2072 262 2113 multa,
284 2075 293 2092 ⁴
305 2078 438 2105 amator
455 2073 624 2113 Iuppiter'
642 2073 695 2103 uel
713 2083 757 2103 ex
776 2071 884 2102 Plaut.
907 2071 1035 2110 Amph.
1058 2071 1118 2100 106
1134 2074 1233 2099 notus
1250 2073 1312 2099 est.

193 2117 259 2148 viii.
281 2127 310 2156 7.
343 2117 397 2148 hic
423 2117 524 2148 etiarn
547 2117 672 2147 inuitus
698 2115 862 2147 succurrit
896 2114 1054 2145 Phaedro
1090 2112 1304 2152 Digbeianus.
1359 2122 1479 2142 conces-

149 2160 259 2192 simus
273 2165 425 2201 praestat
442 2170 558 2201 parum
575 2165 666 2192 recte
681 2160 737 2191 ille
751 2160 886 2199 quidem
899 2159 959 2189 sed
979 2159 1012 2188 in
1033 2161 1162 2188 tantum
1180 2155 1304 2186 utiliter
1314 2159 1350 2186 ut
1366 2156 1478 2186 tritum

152 2204 234 2236 illud
262 2208 452 2236 ceterorum
486 2204 786 2244 Paraphrastarum
819 2202 971 2233 dedimus
1001 2211 1062 2241 pro
1093 2200 1393 2239 interpretamento
1421 2208 1478 2229 ex-

152 2247 280 2288 plodat.
327 2248 375 2279 sic
388 2248 488 2279 etiam
502 2248 535 2279 in
549 2247 610 2279 111.
623 2247 716 2278 xviii.
737 2257 756 2277 2
775 2246 927 2277 nonnulli
946 2254 989 2276 ex
1007 2244 1073 2275 illis
1092 2244 1211 2274 datum
1228 2242 1389 2274 exhibent
1407 2252 1479 2272 cum

153 2291 314 2323 tn'butum
332 2292 506 2323 deberent.
554 2290 733 2322 tribuimus
748 2290 802 2320 hic
821 2290 945 2320 dictum
965 2294 999 2319 ut
1020 2288 1204 2319 ‘tribuam’
1226 2286 1315 2326 App.
1333 2286 1379 2318 iii.
1399 2296 1426 2325 7.

196 2336 242 2368 ix.
257 2345 288 2376 5.
306 2335 475 2367 Catullum
492 2339 634 2365 nouerat
648 2334 826 2364 Phaedrus
840 2333 927 2372 quod
942 2331 994 2362 uel
1007 2342 1049 2362 ex
1062 2331 1116 2362 1v.
1132 2331 1199 2362 xxi.
1213 2340 1232 2369 5
1249 2329 1384 2370 (catull.
1401 2329 1480 2360 xliv.

153 2380 190 2420 4)
216 2383 359 2420 apparet
390 2383 424 2410 et
456 2377 683 2409 Catullianum
716 2377 796 2407 illud
830 2375 999 2416 multiplici
1029 2374 1110 2414 dape
1139 2374 1232 2411 (lxiv.
1265 2375 1343 2413 304)
1373 2383 1481 2412 neque

154 2433 225 2454 rem
249 2423 359 2463 ipsam
377 2433 446 2454 non
465 2422 575 2453 reddit
593 2432 702 2461 neque
720 2431 738 2451 a
755 2420 928 2451 locutione
946 2418 1091 2449 Phaedri
1108 2418 1266 2448 abhorret
1285 2416 1345 2457 (ΙΙ.
1366 2416 1406 2447 iv.
1426 2426 1478 2455 24,

154 2466 195 2499 vi.
227 2468 291 2508 15).
339 2467 421 2507 quid
451 2466 539 2505 quod
562 2465 755 2497 Ademarus
785 2463 940 2501 fideliter,
969 2467 1003 2492 ut
1027 2466 1078 2491 est
1103 2466 1220 2500 captus
1246 2461 1480 2500 interpretum,

782 2521 853 2545 XXV
