1747 2745
180 144 435 180 PHAEDRI
468 144 813 180 FABVLARVM

660 285 801 322 XXIX

421 379 588 411 ASINVS
615 379 845 411 INRIDENS
868 378 1032 410 APRVM

234 469 496 510 PLERVMQVE
526 465 646 511 stulti,
678 464 798 502 risum
829 465 923 502 dum
955 471 1114 513 captant
1144 465 1284 509 leuem,

179 531 286 583 graui
317 530 562 580 destringunt
591 529 688 568 alios
719 529 969 576 contumelia,

181 606 217 636 et
249 595 323 634 sibi
353 595 541 634 nociuum
572 596 772 632 concitant
803 593 1032 644 periculum.

236 662 391 700 Asellus
421 673 515 710 apro
543 673 634 697 cum
665 660 800 697 suisset
831 659 984 705 obuius,

185 727 345 765 ‘Salue'
376 725 502 776 inquit
536 726 675 763 ‘frater
691 725 709 762 ’.
770 724 833 761 ille
863 723 1073 774 indignans
1103 723 1281 773 repudiat
1497 738 1513 769 5

184 792 368 839 officium,
400 798 438 829 et
468 790 619 841 quaerit
650 803 718 827 cur
747 789 802 828 sic
833 790 988 828 mentiri
1019 789 1145 827 uelit?

183 856 316 895 asinus
347 857 520 895 demisso
551 869 652 906 pene
686 855 886 893 ‘Similem
917 854 947 892 si
979 868 1097 904 negas

186 922 257 960 tibi
287 935 351 961 me
381 935 477 968 esse,
510 929 615 960 certe
645 920 771 958 simile
801 928 859 958 est
889 921 965 958 hoc
995 927 1120 958 rostro
1151 927 1219 958 tuo
1234 921 1252 958 ⁷.

185 1001 288 1038 aper,
322 1001 412 1025 cum
443 988 562 1026 uellet
592 988 719 1024 facere
749 998 982 1035 generosum
1014 987 1216 1035 impetum,

187 1054 368 1104 repressit
398 1053 493 1091 iram
525 1059 562 1091 et
596 1051 760 1090 ‘Facilis
792 1051 967 1090 uindicta
997 1059 1055 1090 est
1087 1050 1204 1090 mihi:
1482 1066 1521 1088 10

189 1121 257 1159 sed
288 1119 482 1171 inquinari
513 1119 607 1156 nolo
638 1117 781 1168 ignauo
812 1116 1001 1167 sanguine
1016 1118 1035 1155 ³.

675 1275 791 1311 XXX

237 1368 398 1401 RANAE
425 1367 704 1399 METVENTES
729 1366 992 1398 TAVRORVM
1021 1365 1228 1397 PROELIA

195 1457 394 1493 HVMILES
424 1453 605 1491 laborant
635 1452 702 1490 ubi
733 1458 915 1501 potentes
946 1451 1149 1490 dissident.

249 1521 363 1557 Rana
393 1531 414 1556 e
444 1517 589 1567 palude
618 1529 790 1566 pugnam
822 1524 1021 1554 taurorum
1050 1515 1218 1563 intuens,

196 1586 326 1632 ‘Heu‚
359 1590 507 1633 quanta
536 1581 652 1620 nobis
683 1581 800 1619 instat
830 1581 1045 1631 pernicies’
1076 1581 1140 1620 ait.

193 1651 431 1699 interrogata
460 1647 511 1685 ab
540 1646 616 1685 alia
645 1660 713 1684 cur
743 1647 820 1684 hoc
850 1647 1008 1695 diceret,

194 1717 244 1754 de
274 1713 494 1765 principatu
524 1725 615 1750 cum
647 1711 700 1749 illi
731 1719 923 1750 certarent
952 1713 1076 1761 gregis
1510 1723 1527 1755 5

195 1783 391 1830 longeque
421 1778 471 1816 ab
501 1776 594 1827 ipsis
626 1777 813 1827 degerent
843 1775 965 1814 uitam
996 1776 1131 1824 boues,

198 1846 276 1885 ‘Sit
306 1844 423 1884 statio
453 1850 630 1893 separata
659 1856 704 1880 ac
736 1842 935 1880 diuersum
965 1855 1114 1891 genus3

196 1912 379 1962 expulsus
410 1921 531 1959 regno
562 1907 734 1946 nemoris
765 1907 829 1957 qui
861 1906 1091 1957 profugerit„

197 1975 351 2029 paludis
381 1976 420 2013 in
451 1980 599 2012 secreta
629 1972 762 2011 ueniet
792 1971 963 2020 latibula,

198 2051 236 2082 et
265 2042 509 2093 proculcatas
541 2039 693 2077 obteret
723 2039 822 2076 duro
853 2038 964 2087 pede.
1494 2050 1532 2071 10

199 2109 252 2146 ita
281 2114 398 2157 eaput
428 2106 478 2144 ad
509 2111 686 2142 nostrum
719 2104 824 2142 furor
852 2101 1006 2141 illorum
1038 2100 1205 2152 pertinet
1219 2101 1237 2138 '.

245 2211 376 2243 XXIX.
403 2207 442 2240 H
466 2219 518 2248 30,
545 2205 611 2239 Th
637 2218 687 2246 14.
815 2205 854 2245 3*
877 2205 1033 2236 nociuum
1065 2203 1115 2234 P:
1154 2203 1341 2234 nociturum
1373 2202 1531 2234 Burman

202 2269 220 2296 4
245 2257 377 2286 tulisset
395 2265 431 2284 se
450 2253 560 2284 Have!
653 2262 670 2290 7
697 2250 845 2281 demisso
863 2248 1025 2290 szgault:
1051 2248 1129 2278 dim.
1148 2246 1213 2276 PR
1301 2247 1387 2285 pede
1404 2246 1437 2277 P
1450 2257 1494 2277 m.
1513 2257 1532 2276 2

202 2300 270 2331 Ad.
365 2308 399 2327 11
428 2297 552 2336 ignauo
569 2295 752 2335 sanguine]
772 2295 813 2324 de
831 2304 915 2324 uano
933 2303 958 2324 s.
978 2292 1062 2322 Ra:
1088 2291 1120 2321 in
1139 2301 1165 2322 s.
1184 2296 1241 2321 tuo
1264 2290 1360 2322 Wiss.

247 2342 362 2373 XXX.
388 2338 427 2371 H
444 2351 495 2379 31.
587 2350 606 2368 2
632 2349 650 2369 e
667 2338 817 2377 Benthy:
846 2337 878 2366 in
895 2336 928 2366 P
1033 2336 1054 2364 6
1078 2335 1160 2375 ipsis
1175 2333 1298 2365 Bothe:
1326 2333 1392 2364 illis
1413 2343 1453 2364 ex
1466 2342 1486 2372 5
1504 2333 1537 2362 P

206 2387 242 2427 7*
267 2386 311 2417 sit
327 2384 460 2425 scrt'pSz‘:
485 2388 534 2414 est
552 2382 628 2412 PR'
721 2382 821 2411 statio
841 2379 955 2410 Gude:
981 2379 1067 2409 ratio
1084 2377 1160 2409 PR‘
1251 2382 1406 2416 separata
1426 2376 1533 2417 inquit

205 2430 269 2463 PR
284 2441 291 2461 ε
316 2438 415 2468 separ
433 2426 606 2469 <Schoppe>
625 2426 671 2456 ait
689 2435 727 2456 ac
750 2424 845 2456 Wase
860 2435 866 2455 ε
891 2422 998 2463 inquit
1015 2422 1130 2453 deleuit
1147 2421 1396 2453 Ritterslzausen
