1747 2745
889 162 936 198 Ll
948 163 1055 198 BER
1086 163 1199 211 QVA
1210 164 1346 200 RTVS

174 268 318 308 habere
349 282 407 307 res
437 267 624 307 desierint
653 281 750 319 quas
780 272 1014 321 acceperint,

173 342 340 373 centena
371 332 482 371 matri
511 334 715 373 conserant
745 335 954 374 sestertia'.

174 400 349 438 Athenas
379 411 510 437 rumor
541 398 687 448 implet.
748 409 870 438 mater
900 401 1038 439 sedula

173 464 264 504 iuris
294 463 438 515 peritos
468 463 662 511 consulit;
702 478 820 503 nemo
849 465 1017 516 expedit,

172 543 252 580 quo
281 537 397 581 pacto
426 527 466 567 ni
496 528 723 579 possideant
753 531 862 579 quod
894 530 1006 570 suerit
1035 531 1184 578 datum,

121 616 129 621 »
173 595 393 633 fructumue
422 593 603 644 capiant:
643 594 800 642 deinde,
833 609 935 645 quae
965 596 1120 634 tulerint
1151 596 1258 638 nihil,

172 672 344 710 quanam
373 660 523 697 ratione
554 661 756 698 conserant
786 660 1007 710 pecuniam.

172 732 381 776 postquam
411 732 648 775 consumpta
677 733 735 763 est
765 726 954 776 temporis
983 727 1087 777 longi
1121 739 1237 772 mora,

171 803 244 829 nee
275 790 498 829 testamenti
529 790 656 840 potuit
686 804 822 830 sensus
852 791 996 842 colligi,

173 856 292 895 fidem
321 855 544 903 aduocauit,
576 855 658 894 iure
688 858 877 902 neclecto,
911 870 1061 908 parens.

171 923 327 973 seponit
357 922 547 960 moechae
576 930 739 970 uestem,
771 924 964 962 mundum
996 923 1240 971 muliebrem,

171 988 410 1027 lauationem
439 995 676 1038 argenteam,
707 989 912 1028 eunuchos
941 989 1122 1039 glabros;

171 1053 349 1093 lanificae
377 1055 536 1104 agellos,
567 1066 720 1105 pecora,
754 1053 899 1103 uillam,
931 1056 1140 1106 operarios,

172 1119 305 1167 boues,
338 1119 513 1158 iumenta
542 1127 580 1158 et
610 1120 914 1159 instrumentum
944 1121 1159 1171 rusticum3

171 1184 308 1236 potrici
339 1187 496 1237 plenam
525 1185 697 1236 antiquis
727 1187 961 1236 apothecam
991 1187 1110 1236 cadis,

170 1251 334 1290 domurn
365 1250 527 1301 politam
558 1258 596 1289 et
625 1250 814 1290 delicatos
844 1253 1032 1292 hortulos.

170 1315 226 1354 sic
255 1314 450 1354 destinata
479 1316 572 1355 dare
601 1328 692 1354 cum
722 1317 841 1355 uellet
870 1316 1031 1368 singulis

170 1388 209 1420 et
237 1380 474 1431 adprobaret
503 1381 684 1431 populus,
716 1380 783 1430 qui
815 1383 897 1420 illas
926 1390 1101 1432 nouerat,

170 1442 353 1496 Aesopus
383 1445 515 1485 media
545 1445 677 1484 subito
707 1445 746 1484 in
778 1446 892 1485 turba
920 1447 1119 1489 constitit:

173 1511 232 1551 'O
261 1511 292 1550 si
322 1518 498 1549 maneret
527 1510 691 1549 condito
721 1524 857 1550 sensus
888 1512 996 1561 patri,

169 1590 288 1628 quam
317 1578 485 1628 grauiter
515 1577 629 1615 ferret
659 1578 768 1626 quod
798 1578 1042 1617 uoluntatem
1073 1591 1185 1618 suam

170 1640 411 1692 interpretari
440 1653 522 1679 non
554 1640 773 1691 potuissent
803 1642 970 1681 Attici1'

169 1715 325 1759 rogatus
355 1706 501 1747 deinde
532 1707 649 1746 soluit
679 1720 846 1746 errorem
878 1708 1068 1747 omnium.

171 1775 370 1812 ‘Domum
404 1780 442 1811 et
472 1781 703 1811 ornamenta
732 1786 821 1812 cum
853 1773 1029 1813 uenustis
1059 1774 1222 1814 hortulis

169 1846 207 1878 et
236 1838 329 1878 uina
359 1847 490 1879 uetera
522 1840 613 1879 date
643 1839 821 1878 lanificae
851 1840 1040 1879 rusticae:

169 1913 332 1953 uestem,
365 1907 544 1953 uniones,
577 1897 815 1956 pedisequos
845 1912 883 1944 et
912 1913 1042 1944 cetera

169 1971 222 2010 illi
251 1973 464 2024 adsignate,
499 1972 621 2011 uitam
651 1984 753 2022 quae
783 1972 874 2009 luxu
905 1970 1044 2010 trahit:

168 2052 280 2090 agros
310 2047 348 2078 et
379 2039 511 2078 uillam
542 2047 580 2077 et
611 2050 753 2089 pecora
782 2050 873 2075 cum
903 2036 1124 2087 pastoribus

169 2105 315 2143 donate
347 2106 546 2144 moechae.
608 2105 716 2142 nulla
745 2102 885 2153 poterit
916 2101 1076 2152 perpeti,

169 2179 212 2210 ut
242 2170 416 2210 moribus
447 2171 542 2221 quid
573 2177 704 2209 teneat
734 2171 905 2208 alienum
937 2167 1028 2206 suis.

169 2235 356 2276 deformis
386 2237 533 2274 cultum
567 2237 713 2274 uendet
745 2243 785 2274 ut
817 2235 953 2273 uinum
984 2242 1117 2284 paret:

1379 164 1504 200 Ix'--V

1462 1202 1501 1234 25

1460 1529 1501 1561 30

1459 1855 1499 1888 35

1458 2182 1500 2215 40

216 2349 255 2371 12
277 2339 435 2371 sestertia
467 2338 554 2371 Pith.
573 2350 581 2370 ε
621 2339 763 2371 setertia
793 2338 826 2369 P
982 2347 1020 2377 15
1045 2338 1078 2369 ni
1109 2337 1238 2369 Havet:
1276 2336 1304 2368 si
1337 2347 1404 2368 non
1436 2337 1501 2369 PR

170 2392 212 2422 25
234 2387 409 2423 apotecam
426 2382 460 2413 P
472 2381 584 2414 Have!
700 2393 742 2422 29
765 2386 841 2414 ante
857 2381 1017 2421 Aesopus
1035 2381 1069 2412 P
1081 2382 1182 2422 quasi
1193 2381 1330 2412 titulum
1347 2391 1500 2413 AESOPVS

169 2427 293 2458 exhihet
361 2436 402 2466 34
425 2427 547 2458 ortulis
563 2425 597 2456 P
668 2427 710 2466 38
734 2436 836 2467 agros
855 2431 889 2457 et
907 2425 1017 2456 uillam
1036 2425 1191 2466 Bentley:
1215 2435 1316 2465 agros
1334 2424 1433 2456 utiles
1450 2425 1482 2455 P

1375 2508 1415 2540 4*
