1747 2745
221 156 481 195 PHAEDRI
517 157 861 196 FABVLARVM

223 266 469 306 ‘Feliciterl’
509 270 768 307 succlamans.
829 268 899 318 ipsi
929 268 1125 319 principes

220 333 325 372 illam
356 335 582 372 osculantur
612 347 689 384 qua
719 342 808 373 sunt
839 334 1014 384 oppressi
1045 348 1217 380 manum,
1535 351 1551 383 5

220 400 336 438 tacite
366 408 568 449 gementes
599 399 747 438 tristem
779 400 957 439 fortunae
989 399 1128 439 uicem.

219 463 313 513 quin
346 465 462 503 etiam
493 465 640 504 resides
671 473 708 504 et
739 472 949 515 sequentes
981 465 1116 513 otium,

220 542 269 568 ne
299 530 470 570 defuisse
499 539 651 579 noceat,
685 538 825 581 repunt
856 530 1006 569 ultimi:

220 594 258 633 in
289 595 376 646 quis
409 597 641 643 Menander,
675 595 819 634 nobilis
850 595 1080 643 comoediis,

220 674 328 711 quas,
362 660 488 712 ipsum
520 661 713 712 ignorans,
746 662 890 712 legerat
923 661 1158 708 Demetrius,
1517 677 1555 700 ιο

221 734 257 764 et
287 725 501 766 admiratus
531 728 655 766 fuerat
685 727 888 777 ingenium
919 726 1002 774 uiri,

221 800 423 842 unguento
452 792 663 839 delibutus,
696 791 840 831 uestitu
871 793 1008 840 fluens,

220 856 405 896 ueniebat
434 871 565 908 gressu
597 858 766 897 delicato
796 865 835 896 et
864 857 1062 908 languido.

221 922 326 960 hunc
357 922 423 961 ubi
455 930 640 973 tyrannus
670 922 770 962 uidit
800 930 974 962 extremo
1004 922 1158 974 agmine

223 986 439 1036 ‘Quisnam
471 989 658 1027 cinaedus
690 987 753 1027 ille
785 987 822 1026 in
854 996 1070 1038 conspectu
1100 1001 1190 1027 meo
1516 1004 1553 1036 ¹5

220 1053 339 1091 audet
369 1055 557 1092 ceuere?'
597 1054 885 1104 responderunt
915 1053 1079 1104 proximi

223 1117 325 1156 ‘Hic
356 1127 413 1157 est
445 1121 667 1158 Menander
697 1119 893 1169 scriptor'.
954 1123 1125 1157 mutatus
1156 1119 1285 1158 statim

222 1184 407 1222 ‘Homo’
438 1184 562 1234 inquit
595 1184 697 1223 ‘fieri
730 1198 811 1222 non
841 1191 971 1234 potest
1002 1183 1207 1222 formosior
1221 1186 1238 1222 '.

734 1333 775 1370 Il

453 1427 550 1458 Dm)
576 1426 777 1457 MILITES
802 1426 868 1457 ΕΤ
888 1425 1053 1456 LATRO

276 1515 368 1552 DVO
399 1526 487 1551 cum
521 1512 750 1551 incidissent
782 1511 822 1550 in
852 1513 1042 1550 latronem
1076 1510 1227 1558 militeS,

220 1593 320 1618 unus
351 1578 543 1628 profugit,
581 1579 677 1616 alter
707 1585 838 1616 autem
870 1576 1020 1624 restitit,

218 1654 255 1684 et
287 1643 503 1683 uindicauit
534 1657 618 1682 sese
649 1642 736 1681 forti
768 1644 937 1682 dextera.

218 1711 368 1749 latrone
398 1722 563 1748 excusso
593 1708 753 1747 timidus
784 1709 954 1747 accurrit
981 1722 1125 1755 comes,

218 1775 449 1826 stringitque
478 1775 662 1826 gladium,
696 1773 787 1813 dein
821 1775 964 1813 reiecta
993 1776 1161 1825 paenula

220 1842 377 1881 ‘Cedo'
408 1840 533 1891 inquit
568 1840 724 1884 ‘illum;
757 1839 833 1877 iam
867 1841 1014 1879 curabo
1045 1840 1185 1891 sentiat

217 1919 317 1957 quos
347 1905 586 1956 attemptarit
601 1907 618 1943 ”.
679 1913 772 1943 tunc
804 1905 870 1955 qui
904 1906 1198 1957 depugnauerat

261 2022 279 2049 4
304 2011 515 2042 succlamans
538 2010 717 2044 Burnum:
750 2014 955 2045 succlamant
981 2014 1104 2045 RNV:
1130 2024 1190 2045 suo
1213 2013 1392 2045 clammant
1414 2012 1447 2043 P
1466 2023 1509 2044 m.
1536 2023 1548 2044 1

218 2054 381 2094 principis
398 2054 430 2084 P
445 2065 489 2085 m.
508 2065 519 2085 1
540 2054 573 2085 R
685 2058 705 2087 6
733 2058 823 2088 taciti
843 2057 929 2095 NV;
955 2059 990 2098 cf
1010 2059 1095 2098 App.
1118 2057 1209 2089 xxxi.
1229 2068 1249 2097 3
1360 2059 1380 2088 8
1404 2067 1447 2087 ne
1466 2057 1550 2087 NV:

217 2099 251 2128 ni
269 2097 333 2128 PR
349 2097 481 2130 Havet:
504 2100 541 2137 cf.
562 2099 616 2131 IV.
636 2111 664 2131 ν.
687 2111 735 2139 10,
759 2111 796 2139 15
927 2107 1084 2141 repetunt
1100 2101 1174 2131 PR'
1306 2110 1340 2132 11
1367 2100 1505 2131 miratus
1522 2099 1555 2129 P

220 2153 263 2171 m.
280 2152 292 2172 1
390 2151 429 2172 12
452 2142 760 2183 ssuensNfflorens
779 2144 822 2182 V)
843 2157 850 2176 :
869 2146 1011 2176 affluens
1025 2144 1088 2176 R':
1108 2146 1240 2175 afluens
1253 2145 1287 2175 P
1372 2154 1409 2183 13
1433 2153 1551 2183 gresso

217 2183 291 2215 PR'
422 2186 478 2225 15*
503 2195 721 2228 conspectum
744 2200 852 2219 meum
874 2190 941 2219 NV
956 2189 1045 2229 uulg.
1167 2198 1291 2219 ceuere
1311 2187 1409 2218 Gow:
1435 2187 1550 2217 uenire

217 2227 293 2259 PR'
310 2229 400 2270 uulg.
534 2242 570 2271 17
597 2237 723 2263 mutato
741 2238 831 2264 statu
853 2232 927 2263 Vm
946 2232 981 2262 N
994 2232 1176 2263 euanidnm
1310 2231 1368 2261 18*
1392 2240 1456 2261 om.
1475 2228 1550 2260 PR'

216 2283 262 2302 cm
281 2274 486 2306 neruosior?

261 2315 305 2348 II.
332 2314 370 2347 H
387 2328 438 2358 92.
525 2319 635 2349 Habet
651 2319 801 2350 Perottus
817 2330 886 2350 cvm
905 2329 1028 2350 τιτνιο
1047 2328 1181 2350 »ivm-os
1199 2328 1233 2349 IN
1253 2327 1364 2348 REBvs
1383 2325 1550 2348 secvnms

218 2370 348 2392 romi-:s
365 2373 445 2394 ESSE
466 2373 524 2400 Qvi
543 2373 579 2393 m
600 2373 716 2394 ovans
733 2373 819 2394 SVNT
833 2373 949 2394 ’timim
1022 2373 1049 2394 1.
1062 2373 1081 2393 2
1105 2373 1172 2393 om.
1186 2362 1250 2392 PR
1323 2371 1342 2401 3
1366 2360 1550 2391 uindicabit

218 2404 290 2434 PR'
396 2418 415 2445 4
442 2417 586 2438 excusso
604 2405 776 2439 Clmuvin:
802 2408 917 2438 exciso
936 2406 1021 2437 NV:
1047 2407 1160 2438 occiso
1176 2405 1208 2436 P
1303 2415 1320 2444 5
1346 2404 1422 2435 dein
1439 2403 1549 2434 Pium

217 2449 340 2481 deinde
360 2450 492 2481 PRNV
