1747 2745
193 173 450 211 PHAEDRI
484 175 832 213 FABVLARVM

191 282 427 322 beneficium
459 297 553 323 sane
584 298 770 335 magnum
801 286 918 325 natali
949 288 1070 335 dedit,
1485 306 1523 338 ¹3

189 355 231 386 ut
261 356 507 398 expectarem
538 351 686 388 lanium
718 350 758 389 in
788 352 902 390 horas
932 351 1128 403 singulas!
1482 371 1525 404 14

189 414 295 452 unde
325 414 389 451 illa
419 413 533 453 sciuit
563 414 671 466 niger
699 428 750 453 an
779 416 891 455 albus
922 420 1130 457 nascerer?
1485 437 1525 460 10

188 490 259 528 age
289 491 415 528 porro,
447 494 581 530 parere
611 480 643 519 si
673 480 862 520 uoluisset
892 482 1089 531 feminam,

189 542 284 592 quid
316 545 542 594 profecisset
572 559 664 584 cum
694 559 844 585 crearer
874 550 1099 587 masculus?

188 608 298 647 cuius
329 618 501 660 potestas
532 613 640 649 nulla
669 610 707 649 in
738 611 937 662 gignendo
967 612 1047 658 fuit,
1485 631 1521 664 15

188 686 255 710 cur
284 674 358 712 hac
387 676 436 713 sit
465 675 594 725 potior
624 689 724 726 quae
756 676 917 715 iacentis
948 668 1120 716 miserita
1148 685 1218 725 est,

187 738 426 790 dulcemque
455 749 595 791 sponte
625 749 795 791 praestat
828 742 1198 781 beneuolentiam?'

243 803 351 843 Facit
381 813 561 855 parentes
592 806 759 853 bonitas,
792 820 873 846 non
904 807 1127 847 necessitas.

242 867 336 921 [His
367 871 636 911 demonstrare
667 873 792 911 uoluit
820 881 957 911 auctor
987 872 1166 912 uersibus

187 933 376 975 obsistere
405 936 586 976 homines
616 937 780 987 legibus,
813 937 959 976 meritis
989 937 1107 991 eapi.]
1482 957 1521 978 20

641 1078 740 1115 XVI

456 1165 632 1196 CICADA
658 1165 716 1196 ET
742 1165 932 1196 NOCTVA

241 1243 519 1280 HVMANITATI
550 1243 617 1293 qui
648 1257 689 1282 se
719 1257 800 1282 non
830 1243 1119 1288 accommodat,

185 1307 415 1357 plerumque
445 1321 592 1358 poenas
621 1309 773 1360 oppetit
803 1307 1021 1359 superbiae.

238 1372 387 1412 Cicada
416 1373 602 1412 acerbum
633 1381 803 1413 noctuae
832 1373 1059 1413 conuicium

185 1436 362 1485 faciebat,
395 1431 532 1477 solitae
562 1438 710 1478 uictum
740 1439 780 1478 in
810 1438 983 1478 tenebris
1013 1452 1198 1489 quaerere

184 1515 363 1553 cauoque
392 1516 501 1543 ramo
531 1517 670 1555 capere
700 1517 886 1543 somnum
916 1504 1098 1544 interdiu.

183 1577 316 1619 rogata
345 1577 403 1608 est
433 1577 474 1608 ut
505 1577 658 1609 taceret.
721 1571 846 1609 multo
876 1569 1046 1609 ualidius

184 1635 352 1673 clamare
381 1635 545 1686 occepit.
605 1648 735 1674 rursus
765 1636 927 1674 admota
956 1648 1071 1685 prece

181 1712 347 1739 accensa
376 1700 499 1751 magis
529 1708 597 1739 est.
658 1708 817 1749 noctua,
846 1709 889 1740 ut
918 1700 1018 1740 uidit
1047 1700 1120 1739 sibi

181 1767 333 1803 nullum
364 1779 448 1804 esse
478 1766 665 1804 auxilium
697 1774 736 1805 et
766 1766 888 1806 uerba
917 1768 1118 1806 contemni
1149 1780 1229 1814 sua,

181 1832 253 1868 hac
284 1838 342 1869 est
371 1832 553 1881 adgressa
584 1832 775 1881 garrulam
806 1831 982 1870 fallacia:
1478 1851 1516 1872 10

184 1899 192 1915 ‘
210 1895 387 1934 Dormire
417 1895 509 1946 quia
539 1910 602 1934 me
634 1910 714 1935 non
746 1896 879 1935 sinunt
909 1905 1047 1937 cantus
1078 1899 1144 1947 tui,

181 1974 319 1999 sonare
349 1960 538 1999 citharam
570 1975 669 2012 quos
700 1969 814 2012 putes
845 1963 1051 2013 Apollinis,

1500 1523 1516 1554 (1¹

225 2075 264 2096 10
289 2071 486 2097 nasceretur
515 2067 585 2097 lx'V
676 2079 723 2102 11.
756 2079 793 2099 12
818 2080 882 2108 age
912 2080 1009 2109 porro
1035 2069 1170 2100 fecisset
1199 2069 1329 2107 (suisset
1356 2068 1417 2110 R')
1439 2069 1516 2100 PR'

179 2110 294 2140 mediis
309 2111 441 2140 omissis
550 2121 598 2149 13,
620 2122 657 2150 14
684 2116 759 2143 ante
778 2123 818 2144 10
832 2117 956 2153 transp.
972 2114 1082 2143 Havet
1161 2123 1199 2151 13
1217 2123 1375 2151 magnum
1388 2123 1471 2143 sane
1483 2114 1518 2144 P

179 2154 290 2184 natale
302 2153 375 2183 PR'
441 2165 478 2192 14
494 2160 684 2194 spectarem
700 2155 775 2187 PR'
834 2159 873 2187 16
887 2156 1025 2187 miserta
1038 2156 1092 2187 N:
1113 2156 1246 2186 miseria
1262 2156 1295 2186 V
1343 2157 1382 2186 18
1393 2166 1515 2196 paren-

178 2203 243 2227 tem
260 2197 329 2226 NV
427 2208 476 2237 19,
493 2199 553 2229 ρο*
580 2211 646 2231 om.
667 2199 738 2230 NV
843 2211 886 2231 20
911 2200 1040 2239 legibus
1055 2199 1171 2229 R'NV
1182 2199 1259 2240 (tit.)
1274 2212 1281 2231 ι
1305 2199 1446 2239 legimus
1462 2199 1513 2231 P:

177 2240 332 2271 distichon
351 2241 531 2273 danmam‘t
549 2243 776 2280 Eyssenhardt

222 2284 312 2316 XVI.
339 2281 377 2314 Η
393 2288 446 2317 60.
541 2287 650 2318 Habet
665 2288 819 2318 Perottus
835 2299 910 2319 cum
933 2289 1026 2320 tilulo
1049 2298 1119 2318 NON
1142 2297 1221 2319 ESSE
1235 2284 1372 2319 ‘SPONTE
1394 2297 1512 2318 ALICV1

178 2337 377 2359 FACIENDAM
397 2339 576 2361 INIVRIAM.
597 2341 670 2361 ΝΑΜ
690 2342 748 2368 er
766 2341 987 2363 ΗνΜΑΝιτΑτι
1009 2342 1047 2362 SE
1064 2341 1135 2363 NON
1151 2341 1415 2363 ACCOMMODANT
1432 2341 1512 2361 PLE-

177 2381 322 2409 RVMQVE
340 2383 475 2405 POENAS
496 2384 588 2404 DANT
605 2384 800 2406 SVPERBIAE
818 2387 876 2407 uu.
889 2386 915 2409 1,
931 2386 950 2406 2
962 2376 1074 2406 leuiter
1085 2375 1203 2414 rqfectis
1283 2386 1309 2414 1,
1323 2385 1343 2405 2
1368 2373 1519 2406 om.NV

177 2415 215 2454 4*
239 2417 360 2452 agebat
371 2417 442 2448 NV
496 2429 512 2455 7
539 2419 649 2458 coepit
665 2418 695 2448 Ρ
751 2419 792 2457 9*
816 2419 938 2450 suaP:
959 2421 1034 2450 data
1046 2419 1127 2450 NV:
1155 2430 1199 2450 cm
1213 2421 1308 2450 cate?
1378 2429 1412 2448 11
1435 2418 1511 2458 quia

178 2460 296 2491 ine-P:
324 2461 480 2500 quoniam
501 2461 570 2490 NV
649 2473 683 2491 ιε
710 2473 773 2492 om.
790 2463 860 2492 NV
938 2464 1064 2494 cithara
1078 2463 1108 2493 P
1186 2463 1351 2503 apollonis
1364 2463 1396 2493 P
1410 2473 1454 2491 m.
1474 2472 1487 2491 1
