1747 2745
195 146 454 185 PHAEDRI
489 148 706 186 FABVLA
716 149 835 187 RVM

196 256 254 295 ‘O
285 265 433 307 quanta
463 257 614 308 species
666 258 794 308 inquit
828 259 1051 298 ‘cerebrum
1083 273 1163 299 non
1195 262 1360 301 habetl'

249 323 342 360 Hoc
372 322 445 360 illis
476 322 627 361 dictum
659 331 716 361 est
747 323 890 373 quibus
921 325 1112 363 honorem
1144 334 1181 364 et
1210 328 1372 376 gloriam

194 387 368 426 Fortuna
399 387 542 436 tribuit,
576 402 735 427 sensum
767 402 1021 429 communem
1051 390 1223 430 abstulit.

732 544 839 581 VIII

587 638 734 669 LVPVS
760 639 817 669 ET
843 638 986 670 GRVIS

248 716 329 764 QVI
360 715 528 765 pretium
560 717 686 754 meriti
715 717 767 754 ab
798 717 988 767 improbis
1018 717 1227 768 desiderat,

194 778 252 818 bis
283 787 443 830 peccat:
483 781 653 831 primum
684 781 873 831 quoniam
904 781 1089 833 indignos
1118 784 1292 833 adiuuat,

193 843 339 895 inpune
368 845 476 884 abire
506 845 652 884 deinde
682 846 776 896 quia
805 846 881 885 iam
913 860 993 886 non
1024 855 1164 898 potest.

247 910 304 949 Os
333 910 568 949 deuoratum
599 912 712 950 fauce
742 924 832 950 cum
864 913 1040 952 haereret
1070 914 1162 965 lupi,

194 987 337 1024 magno
367 976 503 1014 dolore
532 975 660 1014 uictus
690 978 821 1027 eoepit
852 976 1026 1028 singulos
1509 999 1526 1031 5

192 1039 351 1079 inlicere
380 1040 506 1091 pretio
536 1048 578 1080 ut
607 1041 705 1081 illud
735 1044 983 1082 extraherent
1014 1045 1172 1084 malum.

193 1106 354 1144 tandem
386 1119 570 1156 persuasa
599 1115 658 1146 est
688 1107 940 1147 iureiurando
968 1108 1084 1159 gruis,

192 1172 306 1220 gulae
336 1184 437 1221 quae
467 1173 632 1211 credens
662 1173 753 1211 colli
783 1172 1071 1223 longitudinem

193 1235 452 1285 periculosam
483 1236 573 1276 fecit
604 1237 843 1276 medicinam
875 1239 980 1288 lupo.

192 1313 262 1350 pro
293 1314 373 1351 quo
403 1315 492 1340 curn
524 1309 682 1352 pactum
715 1302 904 1353 flagitaret
934 1302 1162 1353 praemium,
1490 1323 1527 1345 10

196 1367 377 1416 ‘Ingrata
406 1368 469 1405 es'
500 1365 627 1417 inquit
660 1371 748 1406 ‘ore
779 1380 881 1417 quae
911 1376 1046 1407 nostro
1077 1376 1194 1419 caput

193 1430 392 1471 incolume
421 1432 628 1472 abstuleris
658 1439 697 1472 et
727 1434 950 1474 mercedem
981 1436 1155 1485 postules
1170 1436 1188 1472 '.

736 1603 796 1641 IX

341 1688 520 1721 PASSER
546 1688 611 1720 AD
637 1688 860 1721 LEPOREM
887 1688 1209 1722 CONSILIATOR

248 1766 333 1804 S1ss1
364 1777 446 1803 non
476 1777 617 1803 cauere
647 1772 685 1803 et
715 1764 799 1803 aliis
830 1766 1038 1804 consilium
1068 1767 1162 1805 dare

194 1831 357 1868 stultum
388 1843 473 1868 esse
503 1832 638 1880 paucis
668 1832 925 1870 ostendamus
956 1830 1145 1870 uersibus.

248 1895 492 1946 Oppressum
523 1895 575 1934 ab
604 1895 745 1946 aquila,
778 1897 892 1935 fietus
922 1897 1106 1948 edentem
1137 1909 1286 1947 graues,

237 1996 275 2027 2*
300 1996 411 2036 inquit
428 1996 488 2028 sed
510 1994 606 2028 Wiss.
624 2008 631 2028 ε
655 1997 700 2028 ait
718 2002 751 2028 et
770 1997 860 2037 (sed)
881 1996 945 2028 Ro.
1034 1997 1141 2028 habes
1157 1996 1299 2038 Schcjffer

236 2040 330 2072 VIII.
356 2037 395 2070 H
411 2051 441 2079 9.
461 2037 525 2070 Th
544 2050 593 2071 11.
685 2051 704 2071 2
728 2041 888 2078 indignos
905 2038 973 2071 Ad.
993 2039 1079 2072 Pitlr.
1098 2051 1105 2070 :
1131 2041 1252 2080 dignos
1270 2039 1345 2071 PR‘
1414 2051 1434 2081 3
1457 2040 1526 2080 inp.

193 2084 245 2116 ab.
261 2084 385 2115 deinde
399 2083 494 2115 PR‘:
513 2084 567 2115 ab.
583 2084 706 2115 deinde
720 2083 800 2124 imp.
814 2084 868 2114 R:
893 2085 1086 2124 importune
1101 2084 1222 2115 deinde
1232 2083 1300 2116 Ad.
1374 2084 1396 2114 6
1411 2084 1528 2124 precio

194 2127 227 2158 P
239 2132 267 2158 et
283 2127 361 2158 talia
379 2127 460 2158 alibi
552 2127 589 2166 7*
606 2128 689 2165 fort.
710 2133 942 2167 persuasumst
959 2151 966 2158 .
989 2153 996 2159 .
1016 2152 1023 2159 .
1045 2129 1116 2166 grui
1207 2129 1228 2159 8
1251 2138 1338 2167 quae
1357 2126 1527 2167 Lefibvre:

195 2182 273 2211 -que
291 2170 324 2201 P
429 2182 451 2210 9
475 2171 683 2202 medicamen
702 2172 771 2203 Ad.
892 2182 930 2203 10
957 2177 1088 2211 pactum
1106 2171 1193 2204 Ad.:
1220 2171 1307 2202 sactu
1323 2171 1371 2203 P:
1397 2181 1467 2202 -um
1484 2170 1528 2202 R'

197 2225 232 2245 11
258 2215 308 2246 ori
339 2214 409 2245 Ad.
533 2226 570 2245 12
596 2216 761 2247 incolome
793 2216 832 2250 P.
868 2220 906 2246 ut
936 2215 1024 2254 alibi,
1057 2219 1085 2246 ct
1110 2221 1192 2257 pars
1219 2215 1527 2256 Parapltrastarum

194 2258 357 2289 extuleris
372 2258 439 2290 Ad.
513 2260 666 2300 postules
680 2260 931 2292 Ritterslmuscn
947 2271 954 2291 t
979 2261 1119 2301 postu(0
1132 2260 1232 2300 R)las
1247 2259 1330 2291 PR:
1355 2260 1526 2300 postulare

194 2302 319 2334 uideris
338 2314 377 2334 ex
395 2304 622 2343 postulaueris
639 2308 748 2335 omum
766 2304 833 2335 Ad.

239 2346 298 2377 IX.
325 2344 364 2378 H
380 2358 429 2387 10,
452 2344 516 2378 Th
526 2349 578 2379 81.
690 2359 703 2379 1
730 2348 873 2379 conlium
892 2347 982 2379 Pm.
1005 2358 1017 2378 1
1119 2358 1138 2378 2
1163 2348 1381 2379 ostendemus
1403 2347 1527 2379 Tollius

194 2400 213 2428 3
239 2391 397 2422 edentem
425 2390 538 2422 P1·tl2.:
571 2392 695 2422 sedens
719 2392 768 2423 P:
805 2392 1015 2432 oppressam
1040 2391 1185 2432 aquilam
1211 2397 1244 2423 et
1268 2392 1366 2423 fletus
1390 2392 1523 2423 dantem

194 2434 292 2474 lepus
311 2435 509 2474 obiurgabat
529 2445 701 2474 passerem
720 2434 799 2466 Ad..
822 2435 907 2466 unde
924 2436 1021 2466 fletus
1040 2441 1072 2466 et
1090 2436 1225 2466 dantem
1243 2434 1381 2466 Mueller
