1747 2745
186 162 531 201 FABVLARVM
564 163 665 202 LIB.
698 164 863 202 TERT.

184 273 400 323 languentis
430 275 517 313 aeni
547 275 642 313 dum
674 282 764 314 sunt
793 276 949 326 aliquae
978 276 1177 327 reliquiae,
1479 292 1515 324 15

181 338 324 379 auxilio
354 341 464 379 locus
494 347 575 380 est:
615 340 709 379 olim
741 341 852 380 senio
882 342 1055 381 debilem

183 406 320 443 frustra
349 405 536 444 adiuuare
567 405 725 444 bonitas
755 406 900 445 nitetur
929 414 1006 455 tua,

182 484 271 509 curn
302 470 378 508 iam
409 470 566 510 desierit
597 485 682 510 esse
711 471 908 510 beneficio
938 472 1053 520 utilis,

182 543 219 574 et
251 538 360 574 Mors
391 536 520 574 uicina
551 536 741 586 flagitabit
770 537 960 576 debitum.

181 602 341 638 stultum
373 601 587 639 admouere
617 601 688 640 tibi
719 615 853 652 preces
883 602 1072 650 existimo,
1478 620 1518 642 20

182 665 364 716 procliuis
394 667 495 704 ultro
525 680 616 704 cum
647 668 698 705 sis
729 667 1029 706 misericordiae.

181 744 297 781 saepe
327 730 549 781 impetrauit
580 732 737 771 ueniam
768 734 971 771 confessus
1002 747 1113 771 reus:

180 805 329 848 quanto
359 796 562 836 innocenti
592 796 730 836 iustius
761 799 881 838 debet
912 799 1025 838 dari?

179 872 269 903 tuae
299 870 389 903 sunt
419 869 573 914 partes;
612 864 768 902 fuerunt
798 863 963 902 aliorum
992 863 1124 914 prius3

179 929 272 969 dein
303 928 418 968 simili
448 942 542 980 gyro
571 928 734 968 uenient
761 928 928 968 aliorum
957 930 1076 968 uices.
1477 945 1515 977 25

179 997 349 1034 decerne
378 994 488 1045 quod
518 993 663 1044 religio,
696 995 805 1044 quod
834 994 978 1045 patitur
1009 996 1116 1042 fides

180 1068 222 1099 ut
250 1060 418 1111 gratuler
448 1072 512 1099 rne
541 1066 642 1098 stare
671 1058 819 1099 iudicio
847 1066 927 1098 tuo.

180 1126 333 1165 excedit
362 1125 517 1164 animus
548 1138 667 1176 quem
697 1125 885 1176 proposui
917 1127 1139 1173 terminum,

180 1194 249 1232 sed
280 1192 489 1232 difficulter
518 1193 744 1231 continetur
771 1191 939 1242 spiritus,

180 1257 410 1308 integritatis
440 1257 507 1308 qui
538 1258 712 1296 sincerae
741 1256 921 1295 conscius
1475 1272 1516 1303 30

179 1338 201 1362 a
230 1323 438 1363 noxiorum
468 1323 657 1374 premitur
687 1321 914 1361 insolentiis.

179 1391 246 1440 qui
276 1389 364 1436 sint,
396 1388 589 1439 requiris?
627 1387 875 1438 apparebunt
903 1394 1091 1438 tempore.

180 1468 264 1506 ego,
296 1455 499 1504 quondam
530 1453 605 1504 legi
636 1467 756 1503 quam
786 1467 883 1503 puer
913 1452 1146 1493 sententiam

183 1521 341 1558 ‘Palam
373 1520 529 1557 muttire
561 1518 719 1569 plebeio
749 1518 949 1569 piaculum
980 1525 1037 1557 est
1051 1519 1070 1565 ’‚

181 1587 275 1625 dum
306 1586 449 1624 sanitas
481 1584 689 1631 constabit,
724 1585 886 1634 pulchre
916 1584 1144 1622 meminero.
1475 1600 1514 1631 35

227 1693 266 1722 18
290 1690 429 1722 desierit
447 1690 555 1721 Pitlz.:
583 1689 755 1721 desideret
774 1689 850 1720 PR‘
926 1689 1015 1720 utilis
1032 1687 1143 1719 Gude:
1168 1688 1281 1720 utilius
1295 1688 1391 1722 PR':
1413 1689 1515 1722 bene—

181 1735 292 1766 ficium
314 1734 389 1773 (R')
409 1734 489 1765 utile
507 1733 594 1766 Pztlz.
616 1734 705 1774 uulg.
798 1744 840 1764 20
864 1744 983 1773 preces
1000 1732 1067 1764 R':
1093 1742 1238 1772 preceps
1254 1732 1289 1763 P
1355 1733 1514 1765 existimo

184 1778 285 1818 Gztyet
300 1777 459 1819 Sclnffiw:
485 1778 558 1809 exis
576 1777 670 1808 PR‘:
696 1778 890 1808 sexcenties
909 1777 1001 1808 Gude
1131 1787 1169 1807 21
1197 1777 1244 1807 sis
1261 1776 1514 1809 misericordiae

181 1821 321 1863 Sclzff’r
335 1834 342 1853 z
367 1822 409 1853 sit
424 1822 655 1852 misericordia
668 1821 701 1851 P
784 1831 825 1859 24
850 1821 943 1860 prius
958 1821 991 1851 in
1005 1820 1158 1860 proximo
1171 1831 1268 1851 uersu
1279 1824 1357 1861 post
1370 1821 1512 1853 aliorum

180 1865 274 1897 habet
288 1866 328 1907 P,
348 1867 411 1897 lzuc
426 1865 595 1896 transtulit
614 1864 706 1896 Gude
821 1875 860 1903 27
886 1870 921 1895 ut
939 1865 1087 1904 gratuler
1099 1865 1275 1902 Johnson:
1300 1869 1335 1894 et
1351 1866 1512 1903 gratulari

180 1909 257 1940 PR'
355 1915 446 1941 stare
458 1909 614 1946 Johnson
629 1920 634 1939 :
661 1913 766 1939 tatere
783 1907 859 1938 PR‘
949 1913 982 1938 et
1000 1908 1159 1947 gratulari
1178 1919 1229 1938 me
1246 1908 1298 1938 fac
1315 1908 1402 1939 Pith.
1419 1909 1511 1949 uulg.

180 1954 239 1984 28ἶκ
265 1953 423 1995 proposui
439 1953 573 1992 scripsi:
599 1952 778 1991 proposuit
797 1951 828 1981 P
926 1961 963 1987 :31
992 1951 1182 1982 insolentiis
1199 1951 1310 1982 Palu:
1335 1951 1514 1983 insolentis

181 1997 245 2028 PR
334 2008 375 2036 32
402 1996 546 2036 requiris
566 1995 718 2035 Bentley:
744 1996 894 2035 requires
910 1995 944 2025 P
1033 2005 1075 2034 33
1101 2005 1186 2034 puer
1202 1995 1310 2026 pith:
1336 1996 1431 2035 pueri
1449 1996 1514 2026 PR

180 2052 221 2081 34
246 2041 444 2071 Ennianum
476 2050 515 2070 ex
551 2039 684 2080 Telepho
718 2038 883 2080 tragoedia
915 2049 1051 2069 uersum
1083 2038 1203 2070 laudat
1233 2039 1360 2078 Festus,
1388 2044 1423 2079 p.
1454 2049 1513 2078 145

181 2085 346 2125 piaculum
360 2084 495 2115 Festus:
518 2083 706 2123 periculum
720 2082 754 2113 P
817 2092 858 2122 35
885 2082 1070 2113 meminero
1085 2082 1334 2114 Rt'tterslzaztsen
1349 2095 1354 2113 :
1375 2083 1512 2114 memini

180 2129 228 2161 P:
255 2128 390 2159 memin.
409 2127 443 2157 R
