1747 2745
677 131 999 170 PRAEFATIO

166 238 335 287 syllabas
367 239 490 278 uerba
521 252 659 290 eaque,
683 247 724 278 ut
755 239 921 287 uidetur,
945 253 1035 278 cum
1063 239 1103 278 in
1131 241 1318 293 deinceps
1343 241 1494 293 scriptis
1515 274 1525 284 .

166 303 341 342 uersibus
363 303 428 356 (cf.
456 306 487 343 1„
516 304 588 344 xiv.
614 319 636 355 9
658 305 768 356 adn.)
792 313 875 343 tum
906 304 946 342 in
975 304 1180 353 distinctis,
1210 320 1347 345 uerum
1377 308 1494 346 etiam

164 376 268 408 totos
292 383 427 409 uersus
451 369 518 422 (cf.
542 372 573 409 I.
596 370 673 409 viii.
702 385 717 408 1
743 370 786 421 b)
809 371 1094 420 pessumdedit.
1151 385 1281 422 neque
1305 371 1345 410 in
1369 372 1430 411 his
1455 386 1496 411 se

164 434 358 472 continuit
380 436 450 473 sed
467 435 614 485 duplici
633 436 754 474 modo
771 436 862 474 fecit
882 443 924 474 ut
946 436 1059 475 latius
1077 445 1247 487 serperet
1263 439 1493 488 corruptela,

163 501 286 538 altero
316 513 417 546 cum,
452 500 510 538 bis
541 501 751 540 scribenda
789 508 998 551 postquam
1035 503 1156 540 semel
1190 509 1342 540 tantum
1373 503 1496 541 modo

165 570 308 618 scripta
334 570 496 616 fuerant,
528 567 568 606 in
596 581 767 606 uacuum
793 569 921 606 locum
954 567 1180 606 immitteret
1207 568 1343 616 aliena,
1367 568 1497 619 qualia

166 635 288 672 habes
319 635 357 671 in
388 636 435 672 V.
459 633 509 671 iii.
537 648 583 671 10
614 633 791 683 locisque
821 632 905 671 aliis
936 647 1035 683 quos
1066 634 1277 682 attulimus,
1306 633 1495 674 Classical

166 700 381 748 Quarterly,
398 706 424 737 t.
442 698 502 746 xii,
523 713 558 749 p.
577 713 638 748 91,
658 700 790 745 altero,
807 699 928 737 semel
951 698 1159 737 scribenda
1181 713 1270 738 cum
1292 712 1495 750 perperam

164 765 412 814 geminasset,
431 763 498 802 ubi
522 772 660 814 postea
682 765 861 814 apparuit
883 763 1033 811 uitium,
1052 765 1200 802 malum
1221 765 1325 802 malo
1346 772 1496 804 curaret

166 828 261 880 (ΙΙΙ.
291 831 385 879 prol.
414 832 474 879 56,
502 844 533 867 x.
567 829 647 882 30).
708 830 843 869 nocuit
873 843 953 868 non
985 843 1181 880 nusquam
1210 830 1495 868 uocabulorum

165 894 269 933 idern
285 894 568 933 declarantium
585 895 778 942 confusio,
795 895 835 933 in
850 909 929 945 quo
943 894 1140 934 interdum
1156 894 1237 933 iure
1254 894 1496 933 dubitaueris

166 967 294 998 utrum
325 973 426 1010 quae
462 961 501 997 in
532 959 652 999 libros
683 948 785 999 male
815 959 1049 1010 inrepserint
1073 960 1124 998 ab
1149 959 1495 1010 interpretantibus

166 1024 343 1063 uenerint
367 1025 416 1075 (Ι.
433 1026 505 1063 xxi.
525 1037 560 1075 5,
578 1025 679 1064 xxvi.
698 1040 746 1074 43
774 1027 820 1064 cf.
841 1025 1030 1065 Classical
1051 1026 1269 1074 Quarterly,
1288 1025 1311 1062 l.
1327 1038 1354 1064 c.
1371 1038 1408 1075 p.
1428 1023 1496 1077 90)

166 1103 213 1128 an
251 1104 274 1128 a
309 1089 554 1130 mutantibus
586 1092 780 1139 consulto,
804 1098 846 1129 ut
877 1098 970 1141 puta
996 1089 1261 1141 paraphrasim
1288 1089 1495 1140 agentibus

165 1154 253 1207 (IV.
277 1155 323 1194 ix.
352 1171 367 1194 1
395 1156 518 1207 adn).
578 1158 655 1195 iam
686 1157 817 1205 uerba,
850 1164 891 1195 ut
921 1155 960 1194 in
991 1155 1169 1195 uersibus
1199 1169 1368 1206 quorum
1398 1153 1496 1193 ratio

164 1222 326 1262 librariis
352 1222 486 1274 ignota
512 1231 626 1270 esset,
656 1222 810 1274 saepius
835 1235 954 1273 quam
983 1223 1146 1261 Haueto
1170 1221 1299 1260 uisum
1325 1228 1383 1260 est
1406 1222 1496 1259 loco

164 1302 235 1328 suo
258 1297 348 1328 sunt
370 1296 478 1328 mota
499 1296 537 1328 et
563 1290 614 1328 ad
635 1288 823 1327 orationis
852 1301 1031 1327 normam
1061 1288 1253 1338 pedestris
1274 1299 1496 1325 accommo-

163 1355 266 1394 data.
300 1354 444 1405 quibus
463 1354 648 1394 omnibus
666 1353 880 1406 perspectis
894 1355 1006 1404 plura
1018 1367 1120 1404 quae
1136 1354 1350 1392 litterarum
1363 1351 1495 1403 apices

163 1420 422 1470 urguentibus
466 1429 533 1459 aut
581 1422 632 1459 ad
679 1419 974 1471 grammaticam
1022 1426 1177 1458 tantum
1226 1418 1495 1470 spectantibus

164 1486 396 1525 insanabilia
434 1500 560 1537 paene
599 1485 694 1525 uitia
729 1486 978 1533 uidebantur,
1012 1485 1203 1524 sermonis
1233 1484 1401 1535 uulgaris
1430 1485 1494 1523 uel

163 1554 404 1591 senescentis
446 1551 669 1592 Latinitatis
710 1566 801 1591 cum
841 1551 976 1591 habita
1011 1552 1059 1590 sit
1097 1550 1196 1589 ratio
1235 1549 1336 1589 facili
1376 1563 1496 1600 opera

162 1618 360 1658 sanaueris
396 1617 463 1671 (V.
489 1619 553 1658 vii.
581 1621 642 1666 26,
671 1620 770 1669 App.
800 1617 824 1657 i.
853 1619 889 1666 b,
919 1617 966 1657 iv.
999 1632 1058 1664 22,
1088 1616 1136 1656 vi.
1171 1615 1245 1669 13).
1306 1629 1379 1655 nec
1412 1629 1494 1654 non

162 1684 375 1734 aliquando
403 1683 476 1723 sibi
506 1697 761 1723 succursurus
788 1691 846 1723 est
874 1684 1088 1730 Phaedrus,
1111 1696 1201 1722 cum
1223 1696 1247 1720 a
1267 1681 1431 1733 posteris
1453 1688 1494 1719 ut

161 1764 184 1788 a
205 1750 387 1789 Martiale
409 1749 458 1801 (Ι.
480 1750 552 1789 xxi.
580 1749 621 1803 5)
643 1763 847 1801 expressus
874 1757 941 1788 aut
967 1749 1114 1800 priores
1137 1748 1178 1787 in
1198 1747 1342 1799 quibus
1363 1747 1494 1787 Catul-

162 1817 243 1854 lum
269 1816 496 1854 Lucretium
525 1815 742 1866 Vergilium
771 1824 810 1854 et
836 1814 1070 1855 comoediae
1096 1813 1303 1865 scriptores
1331 1814 1494 1852 sortasse

161 1881 278 1920 etiam
302 1883 475 1921 Graecos
499 1880 590 1934 (IV.
607 1896 691 1920 xxv.
714 1880 756 1934 9)
777 1883 1008 1929 aemulatus,
1031 1888 1116 1919 tum
1137 1879 1220 1931 ipse
1237 1879 1327 1928 suis,
1345 1893 1426 1918 rem
1442 1878 1494 1918 ab

161 1946 244 1985 aliis
274 1947 537 1995 obseruatam,
562 1955 788 1987 constanter
810 1947 993 1986 insistens
1020 1945 1194 1997 uestigiis
1225 1945 1278 1984 ob
1307 1944 1494 1996 illamque

161 2026 319 2051 causam
345 2014 612 2053 emendaturis
642 2028 733 2052 eum
765 2015 955 2064 legendus
983 2020 1020 2052 et
1048 2012 1291 2063 relegendus.
1349 2024 1419 2062 pro
1439 2009 1495 2048 in-

161 2079 259 2130 signi
291 2079 404 2119 fuerit
438 2081 683 2119 documento
716 2080 781 2118 illa
816 2080 1063 2119 Phaedriana
1097 2078 1139 2117 in
1172 2078 1377 2117 uocabulis
1407 2077 1494 2116 abs-

161 2145 291 2184 tractis
313 2154 354 2185 ut
374 2159 396 2185 a
418 2146 684 2197 grammaticis
713 2146 899 2186 dicuntur
921 2144 1160 2185 adhibendis
1188 2159 1256 2184 seu
1277 2144 1493 2195 proprietas

160 2212 356 2260 quaedam
379 2225 448 2251 seu
478 2213 609 2263 potius
638 2214 809 2263 prauitas
832 2213 880 2264 (I.
897 2211 1024 2251 xxviii.
1049 2213 1083 2259 8,
1104 2212 1174 2249 IV.
1192 2224 1228 2248 v.
1245 2223 1309 2257 44,
1328 2223 1411 2248 xxv.
1435 2223 1493 2256 10,

159 2279 262 2328 App.
280 2279 352 2316 xxi.
374 2277 425 2330 7).
471 2279 682 2329 praecipua
703 2278 787 2318 eius
809 2278 848 2316 in
870 2292 910 2317 re
931 2278 1092 2316 metrica
1112 2274 1334 2315 constantia
1355 2274 1394 2312 in
1416 2287 1493 2324 qua

161 2343 393 2394 explicanda
424 2344 576 2395 egregie
608 2358 764 2395 operam
799 2351 991 2382 nauarunt
1020 2343 1189 2381 Mueller
1217 2349 1254 2380 et
1286 2342 1493 2386 Hauetu83

799 2423 848 2447 xii
