1747 2745
471 290 535 338 LI
549 291 634 338 BE
647 293 691 338 R
740 293 1060 342 TERTIVS

646 390 909 423 PROLOGVS

431 478 686 511 PHAEDRVS
712 480 776 511 AD
802 481 1059 513 EVTYCHVM

223 572 414 607 PHAEDRI
447 568 600 608 libellos
631 570 819 621 legeressi
850 572 1060 618 desideras,

167 648 283 673 uaces
313 642 479 686 oportet,
514 637 703 685 Eutyche,
736 650 759 675 a
788 636 964 687 negotiis,

166 708 207 739 ut
238 701 336 740 liber
364 701 518 740 animus
549 703 690 741 sentiat
722 702 801 740 uim
832 702 1027 741 carminis.

169 767 361 804 ‘Verum’
392 766 521 816 inquis
555 767 674 805 ‘tanti
705 781 785 806 non
816 775 874 806 est
904 767 1106 818 ingenium
1137 776 1259 816 tuum,

167 838 413 870 momentum
444 839 485 870 ut
515 833 634 870 horae
663 840 795 882 pereat
825 832 961 870 officiis
993 832 1114 872 meis.’
1477 846 1496 878 5

165 909 245 935 non
276 910 367 947 ergo
397 909 515 935 causa
545 904 603 935 est
633 896 816 935 manibus
846 896 887 935 id
917 896 1021 947 tangi
1052 897 1139 943 tuis,

165 963 274 1011 quod
305 962 507 1012 occupatis
537 961 697 1000 auribus
727 976 809 1000 non
839 962 1036 1001 conuenit.

165 1026 327 1066 fortasse
357 1027 465 1066 dices
498 1026 690 1077 ‘Aliquae
720 1026 880 1066 uenient
910 1029 1036 1075 feriae,

165 1104 267 1141 quae
297 1106 360 1131 me
391 1093 520 1131 soluto
551 1100 711 1142 pectore
739 1093 790 1130 ad
820 1092 993 1131 studium
1025 1097 1202 1136 uocent'.

165 1157 333 1207 legesne,
365 1170 523 1206 quaeso,
558 1156 689 1206 potius
719 1158 816 1195 uiles
847 1157 994 1205 nenias,
1462 1177 1499 1198 10

165 1221 372 1272 impendas
403 1235 536 1260 curam
568 1235 686 1272 quam
717 1221 771 1260 rei
802 1222 1054 1271 domesticae,

165 1288 307 1326 reddas
336 1286 473 1325 amicis
503 1295 692 1337 tempora,
726 1286 835 1325 uxori
866 1300 993 1336 uaces,

165 1352 342 1390 animum
372 1353 533 1399 relaxes,
562 1353 687 1390 otium
718 1353 788 1390 des
819 1352 982 1402 corpori,

166 1427 207 1457 ut
237 1419 441 1457 adsuetam
473 1419 608 1456 fortius
638 1409 999 1468 praestesuicem?

167 1484 401 1522 mutandum
432 1483 503 1521 tibi
533 1483 780 1534 propositum
811 1490 868 1521 est
898 1491 935 1522 et
965 1484 1069 1523 uitae
1097 1497 1231 1534 genus,
1463 1500 1498 1531 15

166 1549 307 1588 intrare
338 1550 369 1587 si
400 1550 608 1587 Musarum
637 1548 758 1588 limen
789 1549 949 1598 cogitas.

165 1628 249 1665 ego,
282 1627 401 1665 quem
434 1613 561 1652 Pierio
592 1622 715 1653 mater
745 1613 860 1653 enixa
889 1622 947 1653 est
977 1613 1078 1664 iugo,

163 1680 202 1718 in
234 1693 314 1731 quo
344 1679 519 1719 Tonanti
549 1688 684 1718 sancta
715 1681 981 1729 Mnemosyne
1012 1677 1112 1726 Ioui,

164 1747 333 1784 secunda
364 1744 512 1792 nonies,
545 1744 687 1783 artium
719 1743 869 1794 peperit
899 1745 1074 1790 chorum,

163 1810 344 1861 quamuis
375 1811 448 1848 sim
479 1810 518 1848 in
549 1809 633 1860 ipsa
664 1816 778 1848 natus
813 1809 978 1848 Paeanis
1009 1809 1153 1856 schola,
1460 1826 1500 1847 20

162 1888 376 1926 curamque
406 1874 580 1913 habendi
611 1874 768 1925 penitus
802 1875 922 1913 corde
952 1873 1146 1920 eraserim,

163 1954 236 1979 nec
266 1941 428 1979 Pallade
457 1941 558 1978 hanc
589 1939 713 1978 inuita
742 1939 781 1977 in
820 1939 941 1977 uitam
973 1936 1229 1986 incubuerim,

207 2045 415 2076 PROLOGVS:
439 2041 479 2075 H
495 2056 545 2084 44.
562 2046 680 2084 33—63.
704 2043 743 2076 H
765 2057 815 2086 43.
833 2057 928 2086 9-39
983 2047 1041 2077 Vn
1060 2057 1145 2086 (go-7
1162 2046 1315 2077 Perottus
1329 2043 1451 2076 exlubet
1467 2044 1499 2075 1'11

161 2090 302 2129 Prologo
319 2100 378 2119 sno
447 2100 464 2127 4
490 2089 604 2128 inquis
622 2089 708 2120 Pstlz.
731 2102 736 2120 z
766 2090 874 2130 inquit
891 2091 987 2122 PR':
1012 2092 1048 2130 cs.
1070 2091 1124 2121 IV.
1139 2091 1194 2121 vii.
1211 2100 1246 2128 17
1284 2124 1287 2126 .
1339 2098 1358 2127 5
1383 2087 1500 2118 officiis

162 2134 244 2164 meis
269 2133 304 2171 J.
332 2133 370 2164 F.
400 2133 550 2163 Gronov:
587 2134 686 2164 officii
722 2134 786 2164 mei
823 2134 856 2164 P
970 2146 990 2173 9
1015 2135 1124 2165 soluto
1154 2145 1172 2164 r
1194 2133 1281 2164 Fith.
1301 2145 1308 2163 :
1343 2132 1442 2163 solito
1470 2131 1503 2161 P

164 2188 204 2207 10
228 2177 346 2207 nenias
365 2176 430 2206 R‘:
456 2177 573 2207 uenias
590 2177 623 2206 P
739 2189 749 2207 1
762 2189 780 2215 5
806 2183 839 2208 et
855 2178 942 2209 PJtlz.
959 2191 964 2209 2
992 2183 1026 2208 ut
1042 2178 1106 2208 PR
1228 2180 1265 2209 18
1290 2176 1500 2206 Mnemosine

131 2252 135 2259 ⁸
160 2220 270 2250 P1*tl1.:
296 2230 484 2258 nemosyne
506 2220 582 2250 PR'
604 2229 714 2258 gmem.
738 2221 797 2259 R')
897 2232 935 2260 19
960 2222 1123 2252 foecunda
1141 2221 1227 2254 Pith.
1246 2232 1254 2252 ε
1278 2221 1420 2251 facunda
1435 2219 1500 2250 PR

161 2267 221 2294 20⁴⁵
246 2263 308 2293 sim
326 2267 401 2293 (mle
413 2265 444 2294 in
461 2265 598 2305 rsposm',
613 2268 688 2304 post
701 2270 799 2295 natus
815 2265 911 2295 lzabcl
923 2264 988 2295 PR
1072 2265 1214 2296 Paeanis
1226 2263 1498 2305 scr1'pst'(Phoebi

161 2309 229 2338 iam
243 2306 366 2343 Havel)
379 2320 386 2338 :
410 2308 554 2347 p(a)ene
568 2308 691 2346 Pedd„
705 2308 767 2338 sim
781 2312 966 2338 antenatus
982 2309 1092 2338 reiecto
1159 2307 1219 2339 22*
1243 2318 1306 2338 nec
1317 2307 1478 2338 Heinsius
1491 2317 1499 2337 :

161 2356 195 2381 et
211 2351 250 2388 P,
270 2351 360 2390 qnod
378 2356 492 2382 seruat
516 2351 608 2382 Gude
630 2357 662 2381 et
684 2352 783 2382 laude
807 2352 911 2381 multa
928 2353 1031 2382 uitam
1056 2352 1088 2382 in
1108 2352 1193 2383 hanc
1210 2351 1334 2392 legens:
1360 2351 1498 2381 Pallade

160 2395 293 2434 Bentley
309 2395 343 2425 in
362 2396 445 2425 nolis
463 2394 612 2425 nondum
631 2394 744 2425 editis:
769 2395 866 2424 laude
885 2394 1046 2426 Heinsius
1066 2394 1132 2427 cdd.
1229 2396 1314 2426 hanc
1337 2394 1442 2426 inuita
1464 2394 1497 2423 in

161 2439 263 2470 uitam
279 2439 412 2480 scripsi:
439 2438 546 2469 inuita
563 2439 596 2468 in
616 2438 702 2469 hanc
721 2438 821 2468 uitam
839 2438 872 2467 P
