1747 2745
691 157 1007 195 PRAEFATIO

150 299 160 308 .
184 280 207 306 a
239 267 419 306 Martiale
454 280 578 317 usque
612 267 662 305 ad
695 266 892 305 Auianum
925 274 1083 306 tacetur.
1153 267 1373 316 complures
1407 259 1510 305 ‘certe

186 332 335 383 Aesopi
361 333 526 371 fabellae
553 331 592 370 in
621 345 734 370 usum
757 334 907 370 Graece
936 332 1126 371 Latineue
1147 331 1383 371 discentium
1410 339 1510 369 utro-

186 411 264 448 que
293 411 474 437 sermone
502 411 536 436 a.
571 409 642 446 207
673 398 865 436 confictae
895 398 967 436 sub
998 397 1159 436 nomine
1188 398 1270 435 salsi
1307 396 1508 435 cuiusdam

189 463 368 503 Dosithei
394 463 729 510 circumferuntur,
753 476 849 513 quas
871 463 994 502 edidit
1015 463 1206 513 Georgius
1228 463 1353 502 Goetz
1378 463 1415 500 in
1441 470 1510 500 ter-

185 528 241 568 tio
268 528 441 579 corporis
471 529 760 567 Glossariorum
791 528 1019 567 Latinorum
1051 529 1278 576 uolumine3
1317 528 1385 566 sed
1416 526 1509 564 nibil

186 593 224 632 in
250 593 323 632 illis
350 593 651 632 Phaedrianum.
711 606 840 643 neque
864 595 1081 632 admodum
1111 592 1340 631 incredibile
1365 600 1421 630 est
1446 605 1512 642 per

185 660 334 710 aliquot
365 660 521 698 saecula
555 666 731 697 nostrum
764 658 801 696 in
838 659 1076 709 quibusdam
1107 666 1307 708 tamquam
1341 656 1512 696 tenebris

187 725 344 763 latuisse
374 725 502 763 donec
533 723 740 762 occidente
771 723 847 762 iam
878 723 1087 762 Latinitate
1122 724 1182 761 uel
1215 722 1354 773 potius,
1387 730 1428 760 ut
1458 721 1512 759 sic

187 788 330 836 dicam,
351 802 492 828 occasa
517 796 673 827 exortus
698 797 755 827 est
778 788 841 827 ille
865 790 1059 827 Romulus
1081 787 1339 838 Aesopiarum
1365 787 1512 826 fabula-

188 867 273 892 rum
297 855 409 892 fictor
429 861 632 904 corruptor
653 853 952 892 contaminator.
1284 855 1288 859 ”

242 919 485 970 Hippolytea
505 927 609 958 certe
631 920 826 969 quaedam
849 921 1149 974 fata-expertum
1172 931 1260 956 eum
1284 931 1367 956 esse
1394 930 1512 955 nemo

185 992 242 1024 est
267 985 401 1041 'hodie
440 984 534 1035 quin
570 986 744 1032 fateatur,
782 992 823 1023 ut
858 998 925 1034 par
959 984 1007 1023 sit
1046 997 1113 1023 eos
1148 983 1215 1034 qui
1252 982 1422 1021 auxiliari
1459 982 1512 1020 illi

185 1051 382 1090 uoluerint
409 1052 544 1089 sordes
572 1064 642 1101 pro
669 1049 769 1088 uirili
792 1058 898 1100 parte
919 1051 1119 1100 detergere
1140 1051 1303 1087 uulnera
1323 1061 1455 1086 curare
1476 1054 1513 1086 et

186 1116 352 1156 disiecta
381 1116 533 1168 pridem
565 1116 752 1164 membra,
777 1118 898 1155 modo
929 1116 960 1154 si
991 1117 1153 1167 possint,
1177 1128 1305 1153 rursus
1333 1114 1372 1152 in
1399 1127 1510 1152 suum

185 1182 298 1234 quasi
318 1196 460 1234 corpus
481 1182 777 1233 coniungereet
799 1183 992 1232 copulare.
1054 1183 1150 1220 haec
1171 1182 1305 1219 omnia
1321 1186 1513 1231 praestare

187 1258 351 1290 conatus
371 1258 429 1290 est
452 1249 682 1289 Ludouicus
711 1251 852 1296 Havet‚
876 1249 934 1286 uir
955 1249 1206 1287 doctissimus
1233 1255 1271 1286 et
1291 1245 1439 1298 optime
1463 1246 1512 1284 de

187 1325 322 1357 nostro
343 1316 514 1355 meritus.
560 1314 730 1354 rationes
752 1321 884 1353 tamen
907 1313 1024 1362 idem,
1048 1313 1191 1364 quibus
1213 1313 1354 1363 placita
1375 1325 1444 1350 sua
1463 1312 1512 1349 de

187 1381 293 1421 libris
331 1380 492 1432 singulis
527 1379 762 1419 definiendis
794 1378 1017 1429 fabulisque
1047 1391 1148 1429 quae
1181 1392 1203 1416 a
1233 1391 1304 1416 suo
1334 1388 1512 1427 quaeque

188 1447 288 1487 libro
327 1448 535 1487 distractae
574 1445 801 1484 uiderentur
835 1444 875 1482 in
909 1443 1090 1495 pristinas
1122 1445 1234 1483 sedes
1264 1441 1514 1493 reponendis,

189 1512 374 1564 quamuis
396 1511 474 1551 acri
497 1510 710 1561 subtilique
727 1510 995 1561 disputatione
1011 1510 1319 1555 commendatas,
1338 1521 1419 1547 non
1435 1520 1514 1545 om-

188 1578 305 1617 nibus
326 1577 587 1629 adprobauit3
623 1589 694 1614 nos
722 1575 952 1626 impeditam
982 1589 1076 1614 sane
1106 1582 1144 1614 et
1175 1574 1289 1613 latius
1313 1581 1512 1625 patentem

188 1643 462 1694 quaestionem
493 1642 531 1680 in
563 1643 685 1680 laxius
715 1641 838 1680 otium
870 1649 907 1680 et
947 1640 1145 1692 pacatiora
1179 1648 1356 1690 tempora
1385 1640 1514 1678 decre-

188 1710 318 1749 uimus
339 1709 483 1748 reicere
503 1709 554 1747 ad
575 1709 751 1758 illudque
771 1706 1020 1758 potissimum
1043 1705 1172 1759 studi-a
1191 1713 1325 1744 nostra
1340 1705 1514 1743 conferre

188 1783 230 1814 ut
261 1777 344 1827 ipsa
378 1776 521 1825 scripta
550 1772 820 1813 emendatiora
859 1780 897 1812 et
936 1774 1039 1811 lectu
1079 1771 1251 1810 faciliora
1289 1771 1512 1809 euaderent.

188 1842 238 1881 de
259 1854 340 1892 quo
361 1839 392 1879 si
413 1839 501 1891 quis
526 1847 630 1878 recte
651 1838 824 1877 iudicare
851 1837 945 1876 uelit
966 1844 1179 1887 cognoscat
1203 1835 1242 1874 in
1264 1834 1397 1887 primis
1418 1840 1515 1885 quot

188 1907 414 1958 quibusque
448 1904 577 1944 modis
611 1903 651 1943 in
687 1903 856 1942 Phaedri
890 1902 1021 1942 uerbis
1052 1901 1224 1940 numeris
1260 1899 1462 1940 sententiis
1493 1913 1514 1938 a

188 1972 352 2013 librariis
382 1979 421 2011 et
451 1969 736 2010 correctoribus
766 1976 972 2019 peccatum
1004 1967 1063 2006 sit.
1121 1975 1162 2005 ut
1183 1966 1335 2005 mittam
1362 1966 1450 2004 trita
1478 1972 1515 2003 et

189 2037 339 2090 scriptis
379 2035 568 2076 omnibus·
605 2034 842 2082 communia,
877 2034 987 2072 uerbi
1017 2031 1138 2083 gratia
1170 2033 1314 2070 litteras
1346 2029 1446 2068 inter
1475 2041 1516 2068 se

189 2110 451 2143 commutatas
478 2109 520 2140 ut
541 2108 636 2151 puta
655 2114 673 2138 s
693 2107 731 2139 et
753 2114 784 2147 ν,
807 2100 826 2137 ι’
842 2107 880 2138 et
900 2112 927 2145 e,
949 2112 968 2136 c
991 2106 1029 2137 et
1045 2111 1083 2147 g,
1105 2099 1124 2136 l
1143 2105 1181 2136 et
1201 2098 1236 2145 d,
1265 2103 1331 2134 aut
1352 2103 1516 2146 praeter-

189 2169 325 2208 missas
352 2175 395 2206 ut
421 2166 565 2206 totiens
592 2166 699 2216 apud
727 2172 904 2203 nostrum
925 2165 942 2202 i
959 2170 997 2202 et
1016 2176 1044 2211 s,
1067 2170 1105 2201 et
1132 2162 1253 2200 uerba
1272 2173 1390 2210 praue
1418 2161 1517 2198 inter

188 2246 230 2273 se
250 2234 313 2272 uel
334 2231 547 2272 coniuncta
567 2232 630 2270 uel
652 2229 846 2276 distracta,
871 2230 1040 2267 multum
1057 2227 1193 2266 nocuit
1214 2226 1309 2265 illud
1330 2227 1516 2265 homoeo-

187 2299 365 2350 graphon
413 2298 463 2336 de
511 2310 591 2347 quo
637 2309 717 2335 non
767 2296 873 2333 nulla
922 2295 1039 2332 etiam
1088 2291 1179 2331 alibi
1229 2290 1516 2340 disputauimus

189 2363 394 2413 (Classical
423 2364 640 2413 Quarterly‚
669 2370 691 2400 t.
717 2362 776 2407 xii,
802 2374 838 2410 p.
862 2360 941 2410 91),
966 2360 1074 2410 quod
1105 2371 1183 2396 non
1215 2358 1340 2396 solum
1373 2357 1516 2395 litteras

835 2439 870 2463 x1
