1747 2745
835 123 1003 159 LIBER
1035 124 1282 168 QVINTVS
1315 125 1484 161 wll-x

157 230 264 269 canis
293 244 383 270 curn
415 231 578 270 domino
609 244 762 280 semper
792 231 944 270 fecisset
977 233 1078 279 satis,

157 295 339 345 languere
368 297 497 346 coepit
526 296 638 333 annis
670 295 975 345 ingrauantibus.

154 358 370 410 aliquando
397 360 576 399 obiectus
606 359 750 410 hispidi
783 373 936 410 pugnae
965 360 1055 407 suis,

151 423 314 475 arripuit
340 437 502 472 aurem;
539 425 609 463 sed
639 423 798 462 cariosis
829 424 1015 463 dentibus

153 489 340 539 praedam
369 489 518 528 dimisit
548 490 676 528 rictus.
737 496 902 528 uenator
931 491 1071 528 dolens

152 567 292 594 canem
321 554 564 606 obiurgabat.
624 556 685 594 cui
717 568 835 594 senex
866 563 1003 593 contra
1034 557 1168 606 Lacon

155 620 271 658 ‘Non
300 627 339 659 te
367 620 543 660 destituit
572 620 738 668 animus,
771 621 840 659 sed
871 619 972 658 uires
1003 633 1125 659 meae.
1163 641 1165 643 ·

151 685 262 734 quod
290 684 435 739 suimus
465 687 592 734 lauda,
625 687 655 724 si
688 687 764 724 iam
795 686 961 724 damnas
993 686 1101 735 quod
1132 691 1302 727 Sumus'l

206 750 300 790 Hoc
316 763 407 807 seur,
442 752 604 799 Philae,
637 751 867 802 scripserim,
901 751 1064 801 pulchre
1095 752 1217 790 uides.
1445 769 1483 791 ιο

192 864 212 885 2
236 864 311 886 cum
330 854 397 886 Ad.
414 854 477 886 Ro.
495 859 637 896 exparte
655 855 742 886 P1‘tl1.
760 867 766 886 :
791 855 868 886 dum
887 854 960 886 PR'
983 853 1080 887 W‘ss.
1181 865 1202 895 3
1227 856 1481 895 ingrauantibus

149 898 235 931 Pitlz.
253 909 262 929 ε
287 899 539 939 ingrabantibus
556 899 619 929 PR
634 910 641 929 :
666 898 899 937 ingruentibus
915 898 1049 939 Bentley
1065 899 1098 930 in
1118 899 1206 930 notis
1222 899 1373 930 nondum
1390 900 1483 931 editis

146 942 186 972 6*
211 943 314 975 rictus
326 943 459 984 scripsi:
480 942 532 973 hic
543 948 622 973 tunc
635 941 710 973 PR'
780 953 796 981 7
817 942 927 973 Lacon
942 943 1074 983 Bentley
1089 954 1095 974 ε
1116 943 1242 974 latrans
1255 943 1319 974 PR
1334 955 1340 974 :
1363 949 1481 975 contra

147 987 201 1018 cui
219 987 347 1018 latrans
363 996 468 1018 senex
486 985 624 1016 Mueller
746 996 767 1025 9
792 986 890 1017 lauda
906 987 932 1016 si
954 985 1066 1017 Gude:
1091 984 1208 1018 laudas
1226 987 1290 1017 PR
1305 998 1312 1017 τ
1339 988 1479 1019 laudasti

150 1030 413 1073 Parapltrastae:
436 1030 552 1061 laudas
569 1030 596 1060 si
616 1029 726 1060 Havet
816 1039 855 1060 ιο
880 1029 1012 1060 Philete
1031 1030 1172 1068 Riqault
1186 1041 1202 1060 :·
1219 1030 1300 1061 filite
1319 1031 1382 1063 PR
