1747 2745
213 162 472 201 PHAEDRI
505 164 852 203 FABVLARVM
901 178 904 183 ·

213 270 315 319 ‘Qui
346 284 519 322 possum,
553 286 711 323 quaeso,
744 275 871 314 facere
900 277 1009 326 quod
1038 280 1220 327 quereris,
1253 281 1373 330 lupe?

208 348 231 374 a
261 343 300 375 te
328 336 497 376 decurrit
528 339 578 376 ad
610 351 719 378 meos
749 340 912 379 haustus
941 340 1069 392 liquor
1081 343 1101 382 ³.

209 403 386 451 repulsus
416 401 481 442 ille
512 403 686 442 ueritatis
716 404 864 443 uiribus

212 468 339 506 ‘Ante
369 468 442 506 hos
474 481 540 507 sex
571 482 726 508 menses
757 470 881 508 male'
910 469 963 509 ait
997 471 1148 511 ‘dixisti
1180 473 1275 512 mihi
1295 479 1314 513 ’.
1504 491 1544 514 10

210 532 411 582 respondit
443 546 567 582 agnus
601 534 821 583 ‘Equidem
852 542 967 574 natus
997 549 1078 574 non
1110 551 1213 576 eram
1232 539 1250 576 '.

212 597 349 636 ‘Pater
379 597 510 636 hercle
539 598 651 636 tuus’
680 597 745 638 ille
774 598 902 650 inquit
933 601 1058 640 ‘male
1088 602 1183 641 dixit
1214 603 1357 651 mihi’3

208 668 328 711 atque
358 661 411 700 ita
440 670 663 713 correptum
692 665 835 703 lacerat
864 664 1009 704 iniusta
1037 680 1147 707 nece.

265 729 382 766 Haec
411 736 570 779 propter
598 728 684 768 illos
714 730 858 780 scripta
887 738 945 769 est
974 731 1156 771 homines
1186 732 1319 773 fabula

210 793 276 843 qui
308 792 406 832 fictis
436 792 563 832 causis
593 792 824 834 innocentes
855 794 1093 846 opprimunt.
1504 816 1539 848 ¹5

760 944 801 980 II

467 1033 627 1065 RANAE
653 1033 814 1065 REGEM
839 1033 1109 1065 PETIERVNT

262 1119 474 1154 ATHENAE
502 1130 592 1155 cum
624 1118 807 1156 florerent
836 1117 972 1168 aequis
1001 1117 1165 1167 legibus,

207 1195 349 1232 procax
377 1182 534 1221 libertas
564 1182 764 1221 ciuitatem
795 1183 962 1231 miscuit,

206 1247 440 1295 frenumque
468 1244 585 1284 soluit
614 1245 821 1296 pristinum
851 1246 1018 1285 licentia.

205 1311 270 1350 hic-
300 1310 532 1361 conspiratis
563 1309 779 1349 factionum
809 1311 985 1361 partibus

204 1390 333 1416 arcem
365 1384 553 1427 tyrannus
583 1383 752 1426 occupat
778 1375 1010 1415 Pisistratus,
1519 1395 1535 1426 5

205 1456 295 1482 cum
327 1442 476 1481 tristem
509 1440 738 1480 seruitutem
765 1443 902 1481 flerent
931 1440 1065 1489 Attici,

205 1522 285 1547 non
315 1507 407 1559 quia
439 1506 607 1546 crudelis
638 1506 714 1554 ille,
745 1508 814 1545 sed
840 1506 1028 1557 quoniam
1056 1519 1176 1557 graue

203 1587 323 1613 omne
353 1572 516 1612 insuetis
548 1585 661 1619 onus,
693 1580 731 1610 et
760 1573 981 1622 coepissent
1010 1572 1132 1623 queri,

204 1640 384 1689 Aesopus
417 1639 534 1677 talem
567 1644 650 1675 tum
682 1637 865 1676 fabellam
896 1637 1054 1676 rettulit.

261 1706 432 1751 ‘Ranae,
468 1709 657 1753 uagantes
688 1701 818 1741 liberis
848 1702 1070 1752 paludibus,
1499 1716 1538 1740 10

204 1772 372 1810 clamore
403 1781 546 1819 magno
578 1781 709 1818 regern
739 1767 886 1818 petiere
914 1767 965 1806 ab
997 1769 1106 1815 Ioue,

204 1837 271 1887 qui
300 1835 513 1875 dissolutos
549 1846 676 1873 mores
703 1832 742 1871 ui
773 1840 1051 1883 compesceret.

206 1904 319 1940 Pater
348 1902 512 1940 deorum
545 1898 625 1937 risit
656 1905 775 1949 atque
800 1897 872 1936 illis
902 1897 1012 1937 dedit
1084 1939 1088 1945 ,

203 1980 368 2018 paruum
398 1966 574 2017 tigillum,
614 1966 776 2005 missum
802 1965 911 2016 quod
942 1963 1073 2002 subito
1103 1964 1195 2002 uadi

205 2041 313 2071 motu
344 2045 523 2082 sonoque
556 2031 690 2071 terruit
720 2030 909 2082 pauidum
939 2042 1074 2080 genus.
1498 2045 1534 2074 1..

203 2098 278 2136 hoc
310 2110 480 2137 mersum
512 2097 607 2136 limo
637 2110 725 2136 cum
758 2096 899 2135 iaceret
930 2094 1086 2141 diutim,

247 2210 263 2238 7
283 2199 434 2239 quereris
454 2197 609 2272 Ρίί111κοιιδ
627 2209 632 2229 :
652 2196 885 2271 IquerJI-gx’h
957 2238 997 2268 ‘b'
1010 2203 1049 2267 Ilo
1074 2193 1161 2224 male
1179 2193 1225 2223 ait
1241 2191 1288 2223 H.
1309 2191 1463 2224 Grotius:
1489 2193 1534 2225 ait

329 2242 335 2253 '
450 2243 501 2267 θ’
587 2252 631 2271 2.
769 2265 787 2271 ..
883 2249 998 2270 18:11
1047 2248 1091 2268 an
1115 2248 1153 2268 etz

202 2242 356 2318 ΙηΙῗΕΗ
374 2298 404 2327 3.
426 2252 585 2324 'Ifhleffpo
597 2252 620 2270 Ἠ
638 2295 653 2322 7
673 2251 775 2323 gigne
793 2251 881 2314 Piti'lz.
897 2294 902 2313 z
928 2282 1040 2321 grauis
1057 2248 1151 2311 ΡῘὲΨτ
1178 2284 1314 2317 grauest
1338 2279 1377 2311 L.
1398 2279 1537 2311 splzteller

197 2335 371 2373 praeeunte
389 2330 490 2361 Toll1'0
587 2329 607 2358 8
632 2338 731 2359 omne
747 2326 907 2357 Heinsius
922 2337 928 2356 t
954 2325 1092 2355 omnino
1108 2323 1184 2354 PR'
1261 2328 1294 2354 et
1307 2322 1382 2354 PR'
1396 2336 1402 2356 τ
1427 2329 1479 2354 est
1491 2323 1533 2354 R'

200 2375 296 2414 queri
314 2375 346 2404 P
362 2385 407 2405 m.
426 2384 444 2403 2
463 2371 504 2403 R'
520 2384 527 2404 ε
553 2382 637 2412 quer
653 2371 686 2401 P
779 2381 801 2409 9
825 2370 939 2400 retulit
956 2368 1032 2399 PR'
1045 2371 1063 2398 ?
1080 2372 1109 2399 et
1122 2367 1244 2398 similia
1261 2367 1343 2398 alibi
1437 2377 1472 2398 11
1492 2368 1535 2399 ab

203 2418 446 2458 Cunninglzam
464 2428 470 2446 ε
495 2427 513 2447 a
530 2415 579 2447 P:
603 2415 639 2454 cf.
655 2414 710 2446 IV.
722 2414 790 2445 xvi.
810 2424 822 2443 1
897 2423 935 2442 12
953 2413 985 2442 ui
999 2411 1108 2443 Pz'tl1.:
1134 2416 1169 2441 ut
1182 2410 1215 2441 Ρ
1290 2420 1325 2450 14
1344 2411 1421 2442 uadi
1434 2410 1509 2441 PR‘
1525 2423 1533 2442 z

202 2461 268 2493 leni
284 2461 351 2492 Ad.
368 2474 373 2493 ·.
392 2460 486 2492 uadis
500 2458 660 2491 P1·tlz.ali1'
731 2460 769 2490 16
793 2458 912 2488 lateret
924 2455 1129 2495 Heusinger:
1149 2464 1279 2486 mersae
1290 2453 1432 2485 laterent
1443 2454 1510 2486 Ad.
