1747 2745
232 160 490 199 PHAEDRI
525 163 871 202 FABVLARVM

227 269 424 309 adclamat
455 273 625 322 populus
655 285 826 311 scurram
858 275 982 313 multo
1012 274 1174 314 similius

228 332 434 382 imitatum,
467 343 506 374 et
536 336 640 387 cogit
669 339 857 377 rusticum
887 338 990 378 trudi
1021 341 1133 379 foras.
1521 357 1560 388 35

227 406 265 436 at
297 400 359 439 ille
388 403 534 451 profert
565 402 692 453 ipsum
724 406 939 454 porcellum
970 419 991 444 e
1021 405 1119 452 sinu,

228 470 464 515 turpemque
492 476 629 517 aperto
660 469 822 519 pignore
854 483 1020 509 errorem
1053 471 1291 520 exprobrans

232 528 328 577 ‘En,
361 529 425 568 hic
455 531 628 571 declarat
657 535 792 583 quales
824 534 904 573 sitis
935 534 1130 574 iudicesl’

731 690 787 726 VI

619 782 717 813 DVO
745 782 893 813 CALVI

283 865 466 903 INVENIT
495 867 630 905 caluus
661 868 759 906 forte
790 867 829 905 in
859 867 975 906 triuio
1005 868 1212 918 pectinem.

225 930 390 969 accessit
416 932 526 980 alter,
558 946 685 983 aeque
713 934 890 972 defectus
920 933 1032 984 pilis:

228 994 367 1034 ‘Heia’
398 995 526 1046 inquit
558 997 619 1036 ‘in
651 1012 866 1037 commune
896 1000 1180 1051 quodcumque
1209 1009 1267 1040 est
1298 1002 1439 1041 lucril’

225 1062 398 1101 ostendit
429 1062 493 1102 ille
522 1064 720 1113 praedam,
754 1072 791 1103 et
821 1064 965 1103 adiecit
995 1066 1133 1104 simul:

228 1128 442 1178 ‘Superum
472 1130 655 1168 uoluntas
686 1129 806 1178 fauit,
845 1131 915 1169 sed
948 1131 1046 1169 Fato
1077 1130 1212 1182 inuido

224 1191 450 1240 carbonem,
483 1200 524 1232 ut
553 1193 674 1241 aiunt,
708 1208 777 1244 pro
809 1196 1021 1233 thensauro
1052 1195 1307 1234 inuenhnus'.

279 1259 410 1307 Quem
441 1272 529 1308 spes
560 1260 713 1305 delusit,
747 1259 838 1298 huic
869 1261 1041 1309 querella
1073 1263 1267 1299 conuenit.

708 1423 788 1459 YII

543 1517 735 1548 PROCAX
761 1516 949 1547 TIBICEN

275 1607 353 1643 ΥΒΙ
386 1618 512 1643 uanus
542 1605 708 1651 animus,
741 1617 832 1641 aura
862 1610 999 1653 captus
1031 1602 1178 1650 friuola,

221 1670 381 1721 arripuit
412 1670 648 1709 insolentem
680 1669 750 1707 sibi
783 1668 980 1716 fiduciam,

221 1736 333 1775 facile
363 1737 414 1775 ad
445 1736 616 1775 derisum
647 1735 761 1772 stulta
793 1735 930 1772 leuitas
961 1734 1127 1773 ducitur.

276 1800 462 1851 Princeps
493 1799 640 1838 tibicen
671 1798 798 1837 notior
829 1799 946 1848 paulo
978 1799 1059 1847 fuit,

219 1879 378 1916 operam
411 1865 592 1914 Bathyllo
623 1863 758 1902 solitus
789 1864 827 1901 in
859 1877 1001 1903 scaena
1031 1866 1134 1905 dare.

219 1931 249 1969 is
281 1933 378 1970 forte
408 1930 510 1970 ludis
541 1930 639 1982 (non
671 1929 761 1968 satis
794 1931 954 1968 memini
990 1931 1151 1982 quibus)

218 1998 314 2035 dum
344 2010 486 2048 pegma
515 1996 671 2047 rapitur,
704 1995 877 2035 concidit
908 2010 999 2035 casu
1031 2000 1138 2048 graui

261 2112 302 2142 34
326 2101 491 2134 adclamat
512 2103 576 2133 sic:
608 2103 646 2142 cf
671 2103 748 2135 Seu.
775 2104 834 2145 Ep.
855 2115 907 2143 47.
935 2114 968 2140 ις
1078 2115 1226 2135 scurram
1259 2104 1304 2135 V:
1337 2115 1450 2135 scurra
1477 2104 1551 2135 PR'

218 2146 278 2185 35*
302 2151 335 2177 et
352 2147 462 2184 poscit
478 2146 594 2177 Nauck
717 2150 759 2188 36
783 2149 931 2188 proferet
949 2148 1012 2178 PR
1113 2158 1131 2178 e
1148 2147 1199 2178 P:
1224 2149 1265 2179 de
1283 2147 1316 2178 V
1406 2148 1481 2178 sinu
1504 2149 1550 2179 V:

218 2189 290 2220 sino
304 2189 407 2221 PRN
492 2201 533 2229 37
559 2191 769 2230 exprobrans
786 2192 822 2222 N
837 2193 889 2222 (ut
906 2191 992 2228 uid.)
1013 2191 1057 2222 V:
1084 2191 1230 2231 probans
1247 2191 1281 2222 P

259 2232 316 2264 VI.
341 2230 380 2264 H
403 2245 455 2273 99.
557 2234 683 2266 Tirulus
711 2236 741 2266 in
767 2234 841 2266 PR'
866 2245 998 2265 CAvas
1029 2245 1070 2264 ET
1097 2244 1233 2271 vaAM
1264 2244 1353 2265 Pius
1381 2244 1551 2266 Dertcrvs

217 2286 236 2315 3
260 2276 293 2306 in
308 2276 393 2315 J.F.
413 2277 565 2309 Gronov:
589 2289 654 2309 om.
670 2278 745 2309 PR'
829 2280 849 2309 6
874 2279 1055 2308 thensauro
1070 2277 1132 2307 R':
1159 2278 1242 2308 thes.
1259 2278 1293 2308 P
1371 2287 1388 2316 7
1415 2277 1550 2316 querela

218 2319 305 2350 Pitlz.
324 2331 331 2351 ε
355 2322 513 2360 querelae
537 2321 580 2352 R'
600 2324 647 2362 (—e
670 2322 727 2362 P),
749 2333 811 2361 quo
832 2325 961 2352 serualo
983 2320 1141 2351 concinet
1165 2320 1310 2358 Mueller,
1332 2330 1467 2351 uersum
1488 2320 1547 2351 del.

217 2363 321 2393 Bothe

261 2406 335 2438 VII.
362 2404 401 2438 H
423 2417 492 2439 100.
587 2420 605 2438 2
631 2408 771 2445 arripuit
792 2408 967 2448 Bongms:
992 2407 1136 2446 abripuit
1155 2407 1186 2436 P
1276 2417 1295 2443 3
1320 2406 1422 2437 stulta
1439 2406 1548 2437 Pitl1.·.

218 2455 250 2480 et
266 2451 368 2481 stulta
386 2451 419 2481 P
506 2462 524 2490 5
550 2462 673 2482 scaena
692 2452 778 2483 Pith.
796 2463 802 2481 :
828 2452 934 2481 chena
954 2452 984 2480 P
1072 2461 1088 2488 7
1114 2460 1231 2489 pecina
1249 2450 1312 2479 PR
