1747 2745
718 141 1041 181 PRAEFATIO

213 251 283 289 sed
304 250 499 289 interdurn
523 250 639 290 etiam
663 264 722 290 res
749 252 798 290 de
821 251 965 302 quibus
987 252 1184 302 agebatur,
1204 251 1232 290 si
1255 252 1349 302 quid
1371 253 1542 292 alienum

210 330 232 354 a
272 318 475 367 proposito
515 330 587 355 suo
623 317 933 367 deprehendisse
965 317 1038 356 sibi
1071 317 1303 365 uidebatur;
1336 326 1544 369 praecepta

211 382 294 420 siue
316 383 466 421 monita
493 395 594 432 quae
623 383 826 421 Phaedrus
856 382 1154 421 narratiunculis
1186 382 1264 421 suis
1293 383 1544 433 praemiserat

216 446 487 486 subieceratue
518 455 584 486 aut
614 447 770 497 reliquit
800 449 964 486 omnino
994 456 1059 486 aut
1090 447 1128 486 in
1160 449 1292 487 titulos
1324 448 1542 486 fabularum

211 511 354 551 reiecit.
414 514 487 551 hac
509 520 618 551 tanta
639 512 795 551 licentia
816 513 1001 551 effectum
1030 520 1088 551 est
1109 520 1150 551 ut
1171 525 1260 551 cum
1291 514 1341 551 de
1370 512 1542 552 lectioni-

212 578 284 616 bus
319 591 398 617 non
434 578 561 625 nullis,
599 586 682 616 tum
717 579 767 617 de
798 577 956 628 ingenio
987 579 1072 628 ipso
1103 578 1250 617 codicis
1278 579 1383 617 haud
1405 577 1544 617 iniuria

211 642 378 681 dubites.
421 644 604 682 detractis
626 657 727 694 quae
747 657 770 681 a
799 645 959 681 Perotto
987 642 1182 682 inculcata
1209 657 1293 683 esse
1315 644 1396 683 ueri
1418 644 1544 684 simile

211 713 268 744 est
290 705 320 744 is
342 707 502 745 demum
525 707 694 745 euadere
719 704 875 744 uidetur
901 704 968 755 qui
996 713 1038 743 ut
1063 705 1102 743 in
1130 705 1407 757 orthographia
1428 706 1483 746 sic
1505 707 1544 745 in

212 771 368 810 maioris
389 771 581 810 momenti
611 771 728 810 rebus
752 770 973 809 Pithoeano
995 770 1132 809 melior
1154 770 1363 819 interdum,
1387 771 1542 822 saepius

212 836 381 876 deterior
419 844 532 875 esset.
591 836 630 874 in
660 835 896 887 Appendice
927 837 1089 886 quidem
1122 836 1233 874 deest
1263 836 1423 886 quicum
1453 849 1543 875 con-

211 904 352 942 seratur
366 915 376 950 3
408 901 532 940 nihilo
558 903 688 940 minus
716 914 788 940 uso
815 900 1001 940 tenuibus
1029 900 1104 939 illis
1133 900 1293 951 quidem
1320 901 1389 940 sed
1411 908 1543 939 tamen

210 966 365 1007 indiciis
398 966 438 1005 in
470 968 543 1005 hac
570 967 790 1006 fabularum
819 973 929 1016 parte
960 972 1027 1003 aut
1060 967 1178 1016 paulo
1209 966 1394 1005 sincerior
1425 965 1544 1005 fuisse

211 1035 366 1072 uidetur
386 1040 453 1071 aut
474 1032 691 1071 fideliorem
714 1045 799 1070 esse
819 1039 957 1070 nactus
981 1033 1196 1070 Perottum.

264 1100 438 1149 Sylloges
467 1098 690 1137 Perottinae
721 1099 802 1136 duo
830 1104 982 1135 tantum
1005 1096 1163 1135 codices
1187 1104 1350 1144 exstant,
1375 1110 1541 1147 quorum

210 1166 374 1204 alterum
416 1170 457 1202 ut
482 1164 638 1202 uidetur
668 1163 718 1201 ab
752 1162 838 1213 ipso
869 1164 1030 1201 Perotto
1067 1169 1266 1200 exaratum
1303 1169 1341 1200 et
1373 1161 1542 1212 Neapoli

211 1243 316 1269 nunc
336 1229 599 1276 adseruatum,
626 1227 775 1266 Iacobo
793 1228 862 1265 Ph.
881 1226 1069 1266 d’Orville
1091 1228 1182 1265 olirn
1208 1226 1408 1277 cognitum
1423 1235 1543 1277 atque

210 1295 250 1334 in
265 1294 439 1334 editione
457 1293 644 1332 Burmani
661 1306 693 1332 a.
718 1304 815 1341 1727
836 1292 912 1331 iam
929 1293 1193 1341 degustatum,
1210 1292 1358 1343 primus
1375 1291 1544 1331 excussit

211 1361 399 1399 Cataldus
433 1359 604 1410 Jannelli
643 1373 676 1398 a.
723 1361 834 1407 1809.
898 1357 929 1396 is
971 1359 1023 1396 ita
1056 1359 1216 1397 madore
1246 1366 1464 1409 corruptus>
1485 1366 1544 1397 est

210 1433 252 1464 ut
273 1425 369 1464 locis
391 1424 522 1464 multis
543 1423 707 1463 omnino
728 1423 803 1474 legi
831 1429 1013 1472 nequeat.
1055 1430 1293 1473 quapropter
1319 1437 1399 1462 non
1421 1424 1543 1462 modo

210 1490 274 1529 illa
312 1504 413 1541 quae
453 1491 502 1529 de
542 1503 588 1528 ea
626 1490 858 1529 rettulerunt
897 1487 1055 1538 priores,
1098 1488 1335 1527 Doruillium
1375 1488 1467 1528 dico
1505 1497 1543 1528 et

212 1558 459 1603 Iannellium,
479 1570 559 1595 non
581 1568 777 1606 nusquam
793 1553 1039 1604 respicienda
1060 1562 1150 1593 sunt
1177 1555 1247 1594 sed
1267 1556 1363 1593 alter
1383 1568 1544 1606 quoque

210 1623 608 1662 codex—Vaticanus
635 1621 667 1660 is
695 1628 763 1668 est,
788 1620 950 1659 nomine
972 1620 1143 1659 Vrbinas
1167 1623 1421 1671 368—quem
1453 1634 1543 1659 con-

210 1688 297 1727 tulit
318 1688 466 1740 primus
488 1689 660 1739 Angelus
683 1688 815 1725 Maius
843 1687 882 1724 in
906 1686 1170 1725 Classicoruin
1192 1689 1411 1725 Auctorum
1432 1695 1542 1725 tomo

210 1754 248 1792 iii
271 1768 332 1805 pp.
360 1756 434 1803 278
456 1754 649 1805 sqq—ad
671 1760 799 1804 partes
822 1752 1027 1790 uocandus
1049 1759 1118 1791 est.
1177 1766 1303 1791 annos
1324 1752 1430 1791 enim
1455 1753 1542 1803 plus

210 1819 281 1859 CC
301 1827 392 1858 ante
414 1818 651 1858 Doruillium
675 1826 714 1857 et
734 1819 813 1856 fere
829 1817 936 1857 CCC
958 1824 1050 1856 ante
1072 1819 1310 1857 Iannellium
1337 1825 1376 1856 et
1389 1831 1435 1857 ex
1455 1817 1542 1869 ipso

210 1886 371 1923 fortasse
394 1884 659 1934 Neapolitano
681 1882 863 1934 quamuis
887 1882 1159 1932 neglegentius
1176 1883 1395 1934 descriptus
1415 1891 1485 1922 est.

263 1951 460 1990 Codicum
476 1950 575 1988 Net
600 1948 830 1988 Vlectiones
844 1961 889 1986 ex
907 1947 1030 1998 copiis
1040 1947 1249 1986 *Dominici
1264 1949 1374 1987 Bassi
1387 1961 1420 1987 a.
1442 1951 1541 1999 1918

209 2015 322 2054 editis
338 2015 550 2066 desumpsi,
563 2014 716 2065 parcius
732 2023 865 2053 tamen
880 2013 919 2051 in
934 2013 1163 2063 corruptelis
1179 2014 1321 2065 apertis
1339 2013 1411 2053 nisi
1424 2012 1541 2066 (forte

207 2081 282 2120 alia
311 2083 493 2120 Hauetus
523 2080 599 2119 iam
623 2088 738 2120 antea
759 2079 1006 2129 adtulisset);
1041 2078 1081 2117 in
1110 2093 1190 2130 quo
1213 2079 1365 2119 adiuuit
1390 2093 1453 2118 me
1477 2080 1542 2118 be-

208 2146 376 2196 nignitas
390 2146 462 2185 uiri
477 2147 662 2186 codicum
678 2145 902 2197 peritissimi
915 2146 966 2183 ad
981 2157 1061 2183 non
1080 2146 1186 2184 nulla
1200 2159 1300 2196 quae
1315 2146 1365 2184 de
1379 2144 1540 2195 singulis

208 2212 444 2251 lectionibus
460 2212 717 2263 Neapolitani
733 2211 977 2262 quaesieram
997 2223 1065 2260 per
1082 2210 1227 2250 litteras
1249 2212 1537 2262 respondendo.

208 2279 317 2328 quod
334 2278 440 2318 idem
463 2278 501 2316 in
516 2278 712 2317 Vaticano
733 2277 824 2316 fecit
846 2278 905 2316 uir
925 2275 1233 2316 humanissimus
1255 2277 1421 2318 Carolus
1443 2275 1537 2316 Giri‚

208 2345 349 2382 horum
371 2344 525 2395 utrique
547 2358 644 2395 quas
667 2357 734 2394 par
755 2351 812 2382 est
834 2343 897 2381 hic
918 2340 1058 2393 gratias
1089 2342 1314 2381 rettulerim.

264 2409 354 2448 Dixi
391 2409 568 2460 superius
611 2410 660 2448 de
697 2408 853 2448 duobus
896 2406 1008 2458 quasi
1040 2407 1216 2447 fontibus
1248 2409 1354 2447 unde
1387 2406 1537 2446 hauriat

854 2486 889 2511 vr
