1747 2745
804 173 973 210 LIBER
1004 171 1267 219 QVARTVS
1295 170 1515 208 XII-XIII

189 292 399 335 postquam
430 283 561 321 labare
590 282 721 333 coepit
752 281 1003 332 paenitentia,
1497 297 1518 328 9

187 351 364 388 durando
392 349 583 399 ingenium
614 362 674 386 nec
702 349 780 386 iam
802 353 958 397 poterat
986 347 1141 394 uincere,
1479 361 1519 383 10

187 416 320 466 occepit
345 415 494 464 aliquot
519 414 560 452 in
588 418 764 452 secretum
793 400 921 450 'ducere

187 491 297 529 osque
324 493 377 517 an
406 479 483 518 sibi
494 478 635 527 feteret
648 477 788 527 fallax
815 489 994 527 quaerere
1007 491 1021 522 ‚-

186 544 282 593 quis,
315 557 446 582 uerum
474 544 552 581 siue
580 543 742 580 dicerent
770 543 1014 587 mendacium,

186 609 348 647 laniatis
374 609 513 646 cunctis
540 621 577 646 se
604 608 809 645 saturabat
834 607 1029 656 sanguine.

187 674 255 711 lzoc
280 674 412 712 multis
439 687 520 711 cum
537 672 711 722 sarissas
729 673 835 710 uenit
860 674 915 710 ad
940 672 1105 710 simium.
1481 689 1518 722 ιζ,

186 739 283 776 idem
311 740 345 777 is
373 744 529 788 rogatus
556 739 790 775 cinnamomo
818 738 980 775 suauius

175 803 365 854 fragrare
392 817 433 842 os
460 803 562 841 dixit
589 809 625 840 et
650 805 802 840 deorum
833 802 1034 840 altaribus.

187 870 250 916 leo,
282 869 384 908 hunc
408 870 479 919 qui
502 869 654 906 erubuit
680 869 917 906 laudatorem
947 869 1101 914 laedere,

176 933 296 983 fidem
325 940 371 972 ut
397 938 572 980 mutaret,
592 933 721 982 finxit
746 946 819 970 sese
849 932 1084 981 languidum.

186 1005 417 1038 concurrunt
443 1000 693 1047 undecumque
722 999 943 1036 medicormu
967 1010 1098 1047 genus,
1481 1012 1518 1034 20

187 1065 296 1103 tactis
323 1065 395 1114 qui
419 1065 526 1102 uenis
545 1066 703 1113 pulsum
732 1076 869 1101 sanum
898 1068 943 1100 ut
970 1063 1160 1110 uiderunt,
1202 1087 1205 1090 >

225 1179 248 1208 9
271 1168 384 1200 labare
402 1167 651 1199 Riltershausen
666 1180 672 1198 t
699 1167 812 1198 lauare
825 1166 890 1198 PR
905 1178 911 1197 ε
935 1166 1060 1197 habere
1078 1165 1320 1206 Paraplzrastae
1390 1173 1429 1195 10
1445 1174 1516 1203 sqq.

187 1211 337 1244 Fabulae
342 1213 452 1252 finem
469 1212 532 1251 qui
545 1210 703 1242 intercidit
719 1212 751 1241 in
769 1210 801 1241 Ρ
813 1221 829 1241 e
842 1210 987 1250 uestigiis
999 1209 1307 1250 Parapltrastarum
1320 1207 1404 1249 (Ad.
1418 1218 1520 1247 usque

188 1255 236 1286 ad
255 1267 288 1288 u.
311 1257 350 1287 16
366 1256 430 1287 Ro.
455 1255 569 1292 Wiss.)
590 1255 749 1285 restituere
770 1257 907 1289 conatus
927 1264 1016 1284 sum.
1036 1253 1228 1293 respicienda
1249 1256 1329 1283 sunt
1348 1261 1431 1292 qnae
1450 1255 1520 1282 tam

187 1299 227 1330 de
243 1298 350 1331 uerbis
363 1310 468 1340 quam
485 1298 524 1329 de
540 1309 571 1329 re
591 1299 660 1329 iam
668 1297 786 1338 fusius
801 1297 969 1338 disputant
988 1296 1145 1328 Classical
1161 1295 1345 1336 Quarteriy,
1366 1299 1443 1327 tom.
1461 1295 1519 1325 xiii

189 1346 320 1384 (1919),
335 1348 391 1384 pp.
410 1343 532 1381 82-87)
612 1352 651 1373 10
675 1346 708 1372 et
727 1347 856 1372 mutare
873 1351 939 1371 non
959 1341 1067 1380 potuit
1084 1340 1228 1381 (posset)
1247 1344 1398 1370 naturam
1414 1338 1518 1369 Para-

183 1387 342 1427 pltrastae
357 1387 425 1418 nisi
438 1385 530 1427 quod
544 1385 707 1426 patientia
729 1386 778 1425 (=
796 1385 964 1425 durando)
981 1383 1133 1414 additum
1147 1384 1181 1414 in
1195 1383 1263 1414 Ad.
1345 1392 1380 1412 11
1407 1382 1520 1422 coepit

187 1430 317 1470 aliquos
335 1431 456 1462 ducere
475 1430 507 1461 in
526 1435 694 1460 secretum
716 1429 780 1469 (-o)
798 1428 1042 1468 Paraplzraslae
1176 1436 1213 1456 12
1239 1427 1302 1468 (et)
1321 1426 1451 1457 fallacia
1469 1428 1521 1465 (ut

189 1473 336 1514 falleret)
351 1484 512 1515 quaerere
530 1473 586 1510 <ab
600 1473 666 1510 eis)
683 1472 710 1503 si
729 1472 802 1513 (an)
814 1472 844 1502 ei
860 1482 898 1502 os
911 1476 1044 1511 puteret
1063 1471 1114 1502 nel
1129 1471 1249 1502 feteret
1264 1474 1320 1508 (an
1334 1480 1372 1501 os
1385 1469 1519 1501 foetens

189 1517 332 1549 haberet
354 1516 441 1557 Ad.)
464 1516 721 1557 Paraplnastae,
751 1520 883 1555 puteret
898 1515 978 1554 sort.
1005 1525 1026 1544 a
1050 1514 1197 1545 Phaedro
1219 1518 1265 1544 est
1388 1523 1426 1552 13
1449 1512 1524 1544 dedi

188 1561 370 1592 secundum
405 1560 501 1593 Wiss.
528 1570 644 1591 uerum
680 1559 893 1590 mendacium
926 1557 1118 1600 diccnte(s),
1152 1558 1243 1588 ceteri
1269 1557 1522 1598 interpretantur

188 1604 381 1636 Phaedrum
393 1605 505 1646 potius
520 1615 623 1644 qnam
644 1602 783 1634 reddunt
903 1612 939 1640 14
964 1611 1082 1632 omnes
1101 1602 1243 1639 (tamen)
1260 1600 1405 1631 laniabat
1423 1600 1467 1631 ita
1483 1606 1519 1632 ut

189 1652 397 1680 saturaretur
412 1649 579 1687 sauguine
596 1652 644 1688 (et
658 1647 872 1678 saturabatur
886 1655 1002 1676 eorum
1017 1645 1174 1676 carnibus
1184 1644 1521 1684 Ad.)Parapl1mstae

193 1701 230 1731 15
256 1692 339 1724 haec
359 1693 454 1732 (hoc)
474 1702 545 1723 cum
565 1690 679 1722 multis
700 1690 837 1721 fecisset
857 1689 1014 1729 (faceret)
1029 1688 1273 1730 Paraplnastae
1371 1688 1464 1718 uenit
1476 1688 1518 1718 ad

189 1736 322 1766 simium
346 1741 376 1767 et
398 1747 478 1767 mox
498 1737 710 1774 interrogans
736 1733 798 1765 Ro.
818 1737 973 1774 exparte,
998 1738 1115 1772 postea
1138 1732 1270 1763 simium
1293 1731 1389 1772 (-am)
1418 1731 1519 1762 inter·

189 1779 438 1820 rog(abjatAd.
454 1780 550 1812 Wz'ss.
564 1779 623 1811 Ro*
634 1782 773 1819 exparte
862 1778 902 1808 16
924 1777 1013 1807 idem
1027 1775 1054 1807 is
1068 1780 1204 1815 rogatus
1215 1775 1329 1816 scripsi
1337 1774 1518 1806 secmzdmn

189 1821 252 1854 Ro.
278 1828 426 1864 exparte
448 1824 662 1863 interrogans
683 1832 756 1852 cam
778 1820 878 1852 simili
904 1820 1024 1851 modo:
1053 1819 1298 1861 [interrogans]
1316 1817 1343 1849 si
1368 1819 1518 1858 putidum

189 1866 358 1905 (soetitum
382 1867 496 1908 W'iss.)
515 1867 653 1905 haberet
669 1876 709 1898 os
725 1866 816 1897 ceteri
932 1863 1146 1895 cinnamomo
1163 1862 1299 1894 suauius
1314 1862 1378 1893 Ad.
1395 1873 1402 1893 :
1423 1862 1518 1901 quasi

189 1910 438 1941 cinnamomum
457 1911 680 1953 (cinnamum)
698 1910 792 1941 ceteri
907 1918 944 1947 17
969 1907 1055 1938 inter
1068 1907 1160 1938 olere
1176 1910 1206 1937 et
1221 1906 1368 1945 fragrare
1386 1905 1521 1936 uariant

189 1952 442 1994 Paraphrastae’,
454 1954 492 1995 cf
509 1964 547 1985 12
598 1960 631 1985 et
642 1955 675 1986 d.
690 1953 852 1986 altaribus
868 1951 1008 1984 Mueller
1021 1963 1028 1982 :
1051 1957 1084 1982 et
1097 1950 1221 1990 (quasi)
1236 1950 1267 1980 d.
1281 1949 1400 1979 altaria
1412 1948 1519 1980 Para—

184 1997 342 2038 phrastae
411 1999 450 2029 18
474 1998 527 2029 leo
540 2004 652 2029 autem
668 2002 675 2031 ί
684 1997 780 2038 uero)
797 1996 860 2029 Ro.
876 1995 945 2027 Ad.
1017 1995 1105 2025 hunc
1119 1993 1196 2024 dedi
1204 2004 1242 2023 ex
1258 1992 1354 2023 Wiss.
1368 1993 1428 2032 qui
1440 1997 1520 2023 tunc

190 2039 354 2084 er<ubu)it
505 2042 712 2073 laudatorem
732 2041 902 2079 (-atricem
920 2050 959 2070 sc.
982 2038 1112 2069 simiam
1130 2037 1192 2068 Ro.
1210 2039 1368 2078 exparte)
1387 2035 1521 2067 erubuit

190 2083 326 2116 laedere
340 2086 389 2126 (ut
403 2085 568 2124 laederet)
579 2084 827 2126 Paraphrastae
895 2094 934 2123 19
959 2083 1060 2114 fidem
1076 2088 1111 2112 ut
1125 2086 1267 2112 mutaret
1278 2079 1359 2119 dedi,
1379 2079 1519 2110 mutauit

192 2127 305 2166 fidem,
341 2133 376 2159 ut
407 2129 582 2169 deciperet
614 2131 644 2158 et
668 2129 781 2169 peiora
813 2127 1061 2168 Parapltrastae
1162 2125 1270 2164 finem
1302 2133 1419 2154 uersus
1447 2122 1523 2153 dedi

189 2170 374 2202 secundum
395 2170 491 2203 lViss.
510 2173 571 2213 qui
584 2181 660 2203 esse
682 2171 799 2202 fincxit
822 2170 1031 2211 languidum,
1053 2169 1214 2208 languere
1235 2177 1271 2198 se
1289 2166 1520 2206 (languorem)

190 2213 368 2246 simulabat
396 2214 459 2246 Ro.
588 2226 631 2246 20
654 2219 857 2246 concurrunt
881 2213 1013 2254 scripsi:
1047 2213 1207 2244 continuo
1231 2216 1375 2250 querunt
1403 2209 1520 2240 Wiss:

191 2257 355 2290 continuo
378 2264 544 2290 uenerunt
567 2258 644 2293 Ro..
670 2261 766 2289 cetera
785 2256 860 2288 dedi
878 2267 917 2288 ex
937 2256 1063 2287 india'is
1083 2256 1179 2287 bViss.
1199 2255 1357 2296 quamuis
1373 2253 1525 2294 grauiter

190 2301 338 2344 corrupti¹
349 2301 470 2333 medici
487 2302 598 2342 potius
614 2301 691 2333 clini
709 2301 803 2332 uberi
821 2300 944 2339 passim
963 2300 1086 2339 ullique
1111 2309 1230 2340 genus,
1246 2297 1366 2329 medici
1387 2300 1522 2328 tantum

191 2344 257 2377 Ro.
348 2353 387 2375 21
413 2345 511 2377 tactis
527 2345 582 2386 qui
601 2344 696 2376 uenis
711 2344 844 2385 scripsi:
869 2343 973 2374 tantis
993 2348 1105 2374 autem
1128 2342 1248 2374 uenius
1269 2340 1388 2372 W't'ss.:
1411 2339 1467 2380 qui
1486 2343 1522 2370 ut

192 2398 301 2420 uenas
324 2388 628 2420 considerauerunt
650 2388 714 2420 Ro.
820 2397 852 2427 p.
877 2397 995 2418 sanum
1021 2391 1057 2417 ut
1081 2386 1146 2417 uid.
1174 2384 1248 2426 Ro„
1273 2384 1368 2418 alteri
1388 2383 1521 2424 lectioni,

192 2431 368 2465 infandum
383 2432 503 2474 scilicet,
513 2432 613 2474 fauet
629 2436 701 2464 erat
717 2431 834 2473 pulsus
851 2429 1086 2462 inenarrabilis
1107 2429 1206 2461 Wiss.
1480 2441 1483 2444 ⁴
