1747 2745
907 187 1075 226 LIBER
1106 189 1347 227 TERTIVS
1378 189 1504 227 lx-X

174 291 377 343 utriusque
406 294 633 345 exemplum
662 294 832 334 breuiter
860 297 1058 346 adponam
1090 296 1154 336 rei.

226 357 468 409 Hippolytus
498 359 609 407 obiit,
638 359 731 411 quia
763 374 957 400 nouercae
986 362 1176 401 creditum
1209 370 1291 410 est3

171 422 417 463 Cassandrae
445 423 538 473 quia
567 437 648 462 non
678 425 881 472 creditum,
915 426 989 464 ruit
1020 426 1149 465 Ilium.
1483 445 1501 475 4

170 488 252 536 sed,
283 488 503 527 fabulosam
535 502 585 528 ne
615 498 852 529 uetustatem
883 492 1025 538 eleues,
1246 500 1249 503 '
1485 508 1499 540 7

171 553 337 593 narrabo
366 552 448 600 tibi,
482 555 673 593 memoria
701 556 811 605 quod
841 557 986 594 sactum
1016 564 1074 595 est
1104 570 1202 596 mea.

224 618 392 658 Maritus
420 619 585 669 quidam
614 632 705 658 cum
736 619 913 671 diligeret
942 616 1164 673 coniugem,

168 692 380 736 togamque
409 697 546 735 puram
577 683 654 723 iam
685 694 835 735 pararet
866 685 957 734 filio,
1465 703 1502 727 10

168 750 354 789 seductus
383 748 421 788 in
453 758 647 789 secretum
676 762 700 789 a
729 751 870 790 liberto
898 759 957 790 est
987 765 1070 800 suo,

167 822 348 865 sperante
377 815 566 854 heredem
597 814 722 854 suffici
751 829 794 854 se
822 815 1055 867 proximum.

167 878 245 931 qui,
277 893 369 919 curn
399 881 450 920 de
478 892 602 931 puero
633 881 757 919 multa
785 882 973 920 mentitus
1004 883 1101 921 soret

166 953 205 984 et
233 946 345 997 plura
373 946 424 985 de
454 945 607 997 flagitiis
637 954 768 985 castae
798 945 981 995 mulieris,

165 1010 320 1059 adiecit,
353 1010 392 1050 id
422 1012 531 1062 quod
562 1011 757 1051 sentiebat
788 1010 958 1050 maxime
1462 1028 1498 1060 15

166 1076 380 1116 doliturum
410 1078 569 1124 amanti,
602 1076 795 1116 uentitare
823 1077 1044 1116 adulterum

167 1150 382 1193 stuproque
410 1142 512 1194 turpi
542 1142 665 1193 pollui
696 1144 840 1181 samam
870 1144 1025 1182 domus.

166 1206 350 1247 incensus
381 1209 444 1246 ille
475 1209 574 1246 falso
603 1209 732 1246 uxoris
763 1207 926 1247 crimine

165 1271 366 1312 simulauit
395 1273 467 1312 iter
494 1274 546 1313 ad
575 1273 722 1321 uillam,
754 1275 936 1323 clamque
966 1274 1004 1312 in
1034 1274 1185 1325 oppido

166 1337 368 1378 subsedit:
408 1338 555 1378 deinde
585 1345 705 1377 noctu
735 1337 868 1378 subito
899 1338 1056 1377 ianuam
1460 1357 1498 1380 20

166 1402 333 1450 intrauit,
365 1411 471 1442 recta
499 1403 740 1450 cubiculum,
772 1402 916 1450 infelix,
948 1412 1096 1454 petens,

165 1465 204 1505 in
235 1480 315 1517 quo
344 1467 516 1506 dormire
547 1475 670 1506 mater
698 1475 834 1506 natum
866 1467 1038 1516 iusserat,

164 1538 332 1570 aetatem
363 1533 536 1570 adultam
570 1545 729 1570 seruans
759 1531 996 1582 diligentius.

163 1597 261 1636 dum
290 1606 483 1648 quaerunt
514 1599 658 1644 lumen,
691 1598 786 1636 duni
818 1605 1054 1637 concursant
1084 1599 1239 1647 familia,

164 1663 243 1703 irae
271 1663 434 1702 furentis
464 1663 657 1714 impetum
688 1676 768 1701 non
799 1664 995 1702 sustinens
1458 1684 1495 1716 25

163 1729 210 1767 ad
242 1729 388 1767 lectum
419 1727 538 1775 uadit,
573 1735 737 1778 temptat
769 1727 807 1765 in
838 1727 1010 1767 tenebris
1040 1738 1168 1780 caput.

163 1802 205 1832 ut
235 1794 352 1832 sentit
381 1801 552 1842 tonsum,
582 1793 714 1844 gladio
745 1801 881 1844 pectus
911 1793 1097 1845 transigit,

162 1858 259 1897 nihil
289 1859 500 1911 respiciens
530 1860 626 1899 dum
657 1860 835 1898 dolorem
869 1859 1056 1898 uindicet.

162 1926 320 1964 lucerna
349 1927 490 1974 adlata,
521 1925 637 1965 simul
667 1925 845 1976 adspexit
875 1925 998 1964 filium

206 2040 244 2071 2*
269 2041 438 2081 adponam
471 2040 600 2081 scripsi:
640 2051 809 2080 exponam
840 2039 892 2071 P:
933 2049 1057 2079 ponam
1088 2038 1158 2069 NV
1289 2051 1308 2080 3
1332 2042 1401 2073 obit
1431 2042 1495 2073 PR

162 2094 193 2124 5,
212 2085 233 2114 6
255 2084 410 2115 suadente
425 2083 559 2115 Hauelo
574 2088 646 2123 post
662 2094 704 2123 50
721 2084 810 2115 rcieci
911 2093 928 2122 7
954 2083 1102 2113 sabulosa
1120 2083 1154 2113 P
1238 2083 1353 2116 eleucs
1374 2084 1494 2126 Guyet:

163 2127 272 2158 leuem
290 2127 376 2158 PR:
399 2138 533 2160 asseras
549 2127 622 2158 NV
738 2129 758 2158 8
781 2127 869 2167 quod
887 2127 1046 2157 memoria
1066 2125 1137 2156 NV
1249 2138 1270 2166 9
1293 2129 1426 2167 quidam
1445 2129 1494 2159 P:

162 2176 287 2202 castam
305 2170 375 2201 NV
463 2182 502 2202 10
526 2171 589 2202 iam
609 2181 677 2211 par.
699 2171 773 2201 PR'
789 2182 795 2201 :
821 2175 1029 2209 compararet
1047 2169 1117 2200 NV
1204 2180 1236 2200 11
1266 2177 1316 2202 est
1333 2181 1397 2204 om.
1416 2171 1492 2202 ΡΗ]

167 2224 203 2244 12
226 2214 332 2245 suffici
355 2224 393 2246 se
415 2226 435 2245 r
453 2214 666 2247 Salmasius:
692 2215 852 2245 sufficisse
870 2213 956 2244 PR:
981 2214 1052 2244 fieri
1074 2224 1111 2244 se
1127 2212 1198 2244 NV
1306 2224 1342 2254 ¹3
1367 2215 1421 2254 qui
1443 2215 1494 2246 P:

162 2257 217 2288 hic
234 2256 305 2287 NV
389 2268 463 2289 curn
480 2257 567 2289 NV:
592 2259 670 2289 dum
688 2258 763 2288 PR‘
869 2259 907 2288 16
931 2263 1095 2288 amantem
1115 2257 1184 2287 NV
1279 2268 1321 2288 20
1345 2258 1494 2290 subsedit

129 2306 141 2313 ·
161 2301 284 2332 deinde
298 2300 349 2332 P:
373 2311 435 2332 suo
451 2302 540 2332 sedit
555 2302 677 2332 dehinc
691 2301 760 2331 NV
820 2302 919 2332 ianua
935 2300 1006 2331 NV
1066 2311 1103 2331 ει
1132 2301 1247 2332 infelix
1266 2304 1356 2341 (gen.
1378 2302 1493 2342 nmsc.)

164 2343 253 2375 NV:
278 2345 394 2375 uxoris
411 2344 445 2375 P
508 2355 549 2375 22
575 2351 688 2375 natum
707 2349 813 2375 mater
828 2344 899 2374 NV
961 2354 1002 2384 23
1026 2345 1200 2384 diligentia
1218 2343 1290 2374 NV
1352 2355 1391 2383 24
1416 2355 1492 2375 cen-

162 2392 274 2418 cursat
290 2386 357 2417 NV
422 2389 464 2418 26
488 2389 619 2419 accedit
631 2388 664 2419 P
729 2398 769 2427 27
794 2388 900 2419 sensit
917 2387 987 2417 NV
1049 2388 1204 2427 transigit
1220 2387 1493 2419 Ritlerslmuscn:

161 2430 332 2469 transfigit
349 2430 484 2462 PRNV
616 2431 676 2462 28*
702 2432 886 2471 respiciens
904 2433 980 2461 dum
1000 2431 1084 2462 NV:
1109 2432 1140 2462 in
1161 2431 1409 2471 respiciendum
1427 2431 1491 2462 PR

163 2473 250 2504 unde
268 2473 313 2504 nil
331 2473 571 2514 introspiciens
591 2474 748 2505 Mucllcr:
775 2475 817 2505 nil
840 2476 902 2505 iam
921 2475 1105 2514 respiciens
1124 2475 1299 2505 maluerim
