<?xml version="1.0" encoding="UTF-8"?>
<!DOCTYPE html PUBLIC "-//W3C//DTD XHTML 1.0 Transitional//EN"
    "http://www.w3.org/TR/xhtml1/DTD/xhtml1-transitional.dtd">
<html xmlns="http://www.w3.org/1999/xhtml" xml:lang="en" lang="en">
 <head>
  <title>
</title>
<meta http-equiv="Content-Type" content="text/html;charset=utf-8" />
  <meta name='ocr-system' content='tesseract 3.04.00' />
  <meta name='ocr-capabilities' content='ocr_page ocr_carea ocr_par ocr_line ocrx_word'/>
</head>
<body>
  <div class='ocr_page' id='page_1' title='image "./fabulaeaesopiae00phaeuoft_0101.png"; bbox 0 0 1747 2745; ppageno 0'>
   <div class='ocr_carea' id='block_1_1' title="bbox 901 173 1525 221">
    <p class='ocr_par' dir='ltr' id='par_1_1' title="bbox 901 173 1525 221">
     <span class='ocr_line' id='line_1_1' title="bbox 901 173 1525 221; baseline 0.006 -13"><span class='ocrx_word' id='word_1_1' title='bbox 901 173 1066 209; x_wconf 65' lang='lat' dir='ltr'>LIBER</span> <span class='ocrx_word' id='word_1_2' title='bbox 1099 175 1213 221; x_wconf 58' lang='lat' dir='ltr'>QVA</span> <span class='ocrx_word' id='word_1_3' title='bbox 1225 175 1361 210; x_wconf 67' lang='lat' dir='ltr'>R&#39;i‘x&#39;s</span> <span class='ocrx_word' id='word_1_4' title='bbox 1393 175 1525 212; x_wconf 60' lang='lat' dir='ltr'>XXVI</span> 
     </span>
    </p>
   </div>
   <div class='ocr_carea' id='block_1_2' title="bbox 199 281 1530 787">
    <p class='ocr_par' dir='ltr' id='par_1_2' title="bbox 201 281 1031 332">
     <span class='ocr_line' id='line_1_2' title="bbox 201 281 1031 332; baseline -0.001 -12"><span class='ocrx_word' id='word_1_5' title='bbox 201 283 400 321; x_wconf 81' lang='lat' dir='ltr'>fraudatus</span> <span class='ocrx_word' id='word_1_6' title='bbox 430 281 611 332; x_wconf 79' lang='lat' dir='ltr'>quamuis</span> <span class='ocrx_word' id='word_1_7' title='bbox 641 291 676 319; x_wconf 72' lang='lat' dir='ltr'>ct</span> <span class='ocrx_word' id='word_1_8' title='bbox 710 282 850 319; x_wconf 72' lang='lat' dir='ltr'>dolens</span> <span class='ocrx_word' id='word_1_9' title='bbox 882 281 1031 328; x_wconf 84' lang='lat' dir='ltr'>iniuria,</span> 
     </span>
    </p>

    <p class='ocr_par' dir='ltr' id='par_1_3' title="bbox 200 345 1111 396">
     <span class='ocr_line' id='line_1_3' title="bbox 200 345 1111 396; baseline 0.001 -11"><span class='ocrx_word' id='word_1_10' title='bbox 200 361 250 387; x_wconf 88' lang='lat' dir='ltr'>ne</span> <span class='ocrx_word' id='word_1_11' title='bbox 279 348 381 386; x_wconf 88' lang='lat' dir='ltr'>male</span> <span class='ocrx_word' id='word_1_12' title='bbox 409 346 611 385; x_wconf 84' lang='lat' dir='ltr'>dimissam</span> <span class='ocrx_word' id='word_1_13' title='bbox 641 345 804 395; x_wconf 81' lang='lat' dir='ltr'>gratiam</span> <span class='ocrx_word' id='word_1_14' title='bbox 834 354 1111 396; x_wconf 84' lang='lat' dir='ltr'>corrumperet,</span> 
     </span>
    </p>

    <p class='ocr_par' dir='ltr' id='par_1_4' title="bbox 201 410 1059 464">
     <span class='ocr_line' id='line_1_4' title="bbox 201 410 1059 464; baseline -0.002 -12"><span class='ocrx_word' id='word_1_15' title='bbox 201 412 388 464; x_wconf 86' lang='lat' dir='ltr'>promisit.</span> <span class='ocrx_word' id='word_1_16' title='bbox 448 411 561 450; x_wconf 91' lang='lat' dir='ltr'>rediit</span> <span class='ocrx_word' id='word_1_17' title='bbox 591 411 686 449; x_wconf 81' lang='lat' dir='ltr'>hora</span> <span class='ocrx_word' id='word_1_18' title='bbox 715 411 834 457; x_wconf 78' lang='lat' dir='ltr'>dicta,</span> <span class='ocrx_word' id='word_1_19' title='bbox 868 410 1059 450; x_wconf 76' lang='lat' dir='ltr'>recubuit.</span> 
     </span>
    </p>

    <p class='ocr_par' dir='ltr' id='par_1_5' title="bbox 199 474 1530 593">
     <span class='ocr_line' id='line_1_5' title="bbox 199 474 1530 529; baseline -0.005 -12"><span class='ocrx_word' id='word_1_20' title='bbox 199 476 433 529; x_wconf 87' lang='lat' dir='ltr'>splendebat</span> <span class='ocrx_word' id='word_1_21' title='bbox 463 475 584 514; x_wconf 85' lang='lat' dir='ltr'>hilare</span> <span class='ocrx_word' id='word_1_22' title='bbox 613 476 766 525; x_wconf 91' lang='lat' dir='ltr'>poculis</span> <span class='ocrx_word' id='word_1_23' title='bbox 797 474 1040 524; x_wconf 89' lang='lat' dir='ltr'>conuiuium,</span> <span class='ocrx_word' id='word_1_24' title='bbox 1492 493 1530 516; x_wconf 86' lang='lat'>20</span> 
     </span>
     <span class='ocr_line' id='line_1_6' title="bbox 199 540 1114 593; baseline -0.001 -12"><span class='ocrx_word' id='word_1_25' title='bbox 199 555 344 593; x_wconf 88' lang='lat' dir='ltr'>magno</span> <span class='ocrx_word' id='word_1_26' title='bbox 371 550 560 592; x_wconf 87' lang='lat' dir='ltr'>apparatu</span> <span class='ocrx_word' id='word_1_27' title='bbox 591 542 690 578; x_wconf 86' lang='lat' dir='ltr'>laeta</span> <span class='ocrx_word' id='word_1_28' title='bbox 720 540 929 578; x_wconf 88' lang='lat' dir='ltr'>resonabat</span> <span class='ocrx_word' id='word_1_29' title='bbox 960 541 1114 590; x_wconf 90' lang='lat' dir='ltr'>domus,</span> 
     </span>
    </p>

    <p class='ocr_par' dir='ltr' id='par_1_6' title="bbox 199 605 1151 658">
     <span class='ocr_line' id='line_1_7' title="bbox 199 605 1151 658; baseline -0.001 -12"><span class='ocrx_word' id='word_1_30' title='bbox 199 615 360 658; x_wconf 88' lang='lat' dir='ltr'>repente</span> <span class='ocrx_word' id='word_1_31' title='bbox 388 607 470 645; x_wconf 91' lang='lat' dir='ltr'>duo</span> <span class='ocrx_word' id='word_1_32' title='bbox 498 618 589 643; x_wconf 90' lang='lat' dir='ltr'>curn</span> <span class='ocrx_word' id='word_1_33' title='bbox 620 605 795 651; x_wconf 87' lang='lat' dir='ltr'>iuuenes,</span> <span class='ocrx_word' id='word_1_34' title='bbox 829 605 948 655; x_wconf 87' lang='lat' dir='ltr'>sparsi</span> <span class='ocrx_word' id='word_1_35' title='bbox 980 606 1151 656; x_wconf 89' lang='lat' dir='ltr'>puluere,</span> 
     </span>
    </p>

    <p class='ocr_par' dir='ltr' id='par_1_7' title="bbox 199 671 955 721">
     <span class='ocr_line' id='line_1_8' title="bbox 199 671 955 721; baseline -0.004 -9"><span class='ocrx_word' id='word_1_36' title='bbox 199 673 342 712; x_wconf 85' lang='lat' dir='ltr'>sudore</span> <span class='ocrx_word' id='word_1_37' title='bbox 373 672 497 710; x_wconf 91' lang='lat' dir='ltr'>multo</span> <span class='ocrx_word' id='word_1_38' title='bbox 525 671 758 717; x_wconf 82' lang='lat' dir='ltr'>diffluentes,</span> <span class='ocrx_word' id='word_1_39' title='bbox 791 683 955 721; x_wconf 80' lang='lat' dir='ltr'>corpore</span> 
     </span>
    </p>

    <p class='ocr_par' dir='ltr' id='par_1_8' title="bbox 199 736 1143 787">
     <span class='ocr_line' id='line_1_9' title="bbox 199 736 1143 787; baseline -0.002 -11"><span class='ocrx_word' id='word_1_40' title='bbox 199 739 413 776; x_wconf 86' lang='lat' dir='ltr'>humanam</span> <span class='ocrx_word' id='word_1_41' title='bbox 443 749 560 787; x_wconf 90' lang='lat' dir='ltr'>supra</span> <span class='ocrx_word' id='word_1_42' title='bbox 590 737 767 782; x_wconf 87' lang='lat' dir='ltr'>formam,</span> <span class='ocrx_word' id='word_1_43' title='bbox 799 736 955 774; x_wconf 84' lang='lat' dir='ltr'>cuidam</span> <span class='ocrx_word' id='word_1_44' title='bbox 988 737 1143 774; x_wconf 90' lang='lat' dir='ltr'>seruolo</span> 
     </span>
    </p>
   </div>
   <div class='ocr_carea' id='block_1_3' title="bbox 198 801 1530 1179">
    <p class='ocr_par' dir='ltr' id='par_1_9' title="bbox 199 801 1528 907">
     <span class='ocr_line' id='line_1_10' title="bbox 199 801 1528 851; baseline -0.002 -9"><span class='ocrx_word' id='word_1_45' title='bbox 199 804 390 842; x_wconf 89' lang='lat' dir='ltr'>mandant</span> <span class='ocrx_word' id='word_1_46' title='bbox 418 810 460 841; x_wconf 92' lang='lat' dir='ltr'>ut</span> <span class='ocrx_word' id='word_1_47' title='bbox 488 803 539 840; x_wconf 89' lang='lat' dir='ltr'>ad</span> <span class='ocrx_word' id='word_1_48' title='bbox 570 815 611 840; x_wconf 91' lang='lat' dir='ltr'>se</span> <span class='ocrx_word' id='word_1_49' title='bbox 641 808 831 851; x_wconf 89' lang='lat' dir='ltr'>prouocet</span> <span class='ocrx_word' id='word_1_50' title='bbox 862 801 1135 850; x_wconf 70' lang='lat' dir='ltr'>Simonidem5</span> <span class='ocrx_word' id='word_1_51' title='bbox 1492 819 1528 851; x_wconf 80' lang='lat'>²5</span> 
     </span>
     <span class='ocr_line' id='line_1_11' title="bbox 199 866 931 907; baseline -0.004 0"><span class='ocrx_word' id='word_1_52' title='bbox 199 869 299 907; x_wconf 87' lang='lat' dir='ltr'>illius</span> <span class='ocrx_word' id='word_1_53' title='bbox 329 867 516 907; x_wconf 85' lang='lat' dir='ltr'>interesse</span> <span class='ocrx_word' id='word_1_54' title='bbox 545 881 595 906; x_wconf 87' lang='lat' dir='ltr'>ne</span> <span class='ocrx_word' id='word_1_55' title='bbox 625 866 739 904; x_wconf 88' lang='lat' dir='ltr'>saciat</span> <span class='ocrx_word' id='word_1_56' title='bbox 770 879 931 905; x_wconf 90' lang='lat' dir='ltr'>moram.</span> 
     </span>
    </p>

    <p class='ocr_par' dir='ltr' id='par_1_10' title="bbox 198 932 1528 1113">
     <span class='ocr_line' id='line_1_12' title="bbox 198 932 1528 984; baseline -0.001 -11"><span class='ocrx_word' id='word_1_57' title='bbox 198 935 322 974; x_wconf 89' lang='lat' dir='ltr'>homo</span> <span class='ocrx_word' id='word_1_58' title='bbox 350 933 597 984; x_wconf 89' lang='lat' dir='ltr'>perturbatus</span> <span class='ocrx_word' id='word_1_59' title='bbox 628 932 768 971; x_wconf 84' lang='lat' dir='ltr'>excitat</span> <span class='ocrx_word' id='word_1_60' title='bbox 801 932 1058 972; x_wconf 85' lang='lat' dir='ltr'>Simonidem.</span> <span class='ocrx_word' id='word_1_61' title='bbox 1491 942 1528 972; x_wconf 81' lang='lat'>28</span> 
     </span>
     <span class='ocr_line' id='line_1_13' title="bbox 198 998 1528 1050; baseline 0 -12"><span class='ocrx_word' id='word_1_62' title='bbox 198 1013 322 1038; x_wconf 90' lang='lat' dir='ltr'>unum</span> <span class='ocrx_word' id='word_1_63' title='bbox 353 1006 550 1050; x_wconf 86' lang='lat' dir='ltr'>promorat</span> <span class='ocrx_word' id='word_1_64' title='bbox 581 998 645 1036; x_wconf 78' lang='lat' dir='ltr'>uix</span> <span class='ocrx_word' id='word_1_65' title='bbox 675 999 817 1049; x_wconf 87' lang='lat' dir='ltr'>pedem</span> <span class='ocrx_word' id='word_1_66' title='bbox 850 998 1041 1038; x_wconf 87' lang='lat' dir='ltr'>triclinio:</span> <span class='ocrx_word' id='word_1_67' title='bbox 1490 1015 1528 1047; x_wconf 82' lang='lat'>27</span> 
     </span>
     <span class='ocr_line' id='line_1_14' title="bbox 198 1063 1105 1113; baseline 0 -10"><span class='ocrx_word' id='word_1_68' title='bbox 198 1064 309 1103; x_wconf 90' lang='lat' dir='ltr'>ruina</span> <span class='ocrx_word' id='word_1_69' title='bbox 338 1078 515 1103; x_wconf 87' lang='lat' dir='ltr'>camarae</span> <span class='ocrx_word' id='word_1_70' title='bbox 545 1063 677 1102; x_wconf 87' lang='lat' dir='ltr'>subito</span> <span class='ocrx_word' id='word_1_71' title='bbox 707 1065 899 1113; x_wconf 85' lang='lat' dir='ltr'>oppressit</span> <span class='ocrx_word' id='word_1_72' title='bbox 929 1072 1079 1103; x_wconf 89' lang='lat' dir='ltr'>ceteros</span> <span class='ocrx_word' id='word_1_73' title='bbox 1096 1080 1105 1111; x_wconf 68' lang='grc' dir='ltr'><strong><em>ς</em></strong></span> 
     </span>
    </p>

    <p class='ocr_par' dir='ltr' id='par_1_11' title="bbox 200 1128 1530 1179">
     <span class='ocr_line' id='line_1_15' title="bbox 200 1128 1530 1179; baseline -0.002 -10"><span class='ocrx_word' id='word_1_74' title='bbox 200 1143 273 1169; x_wconf 90' lang='lat' dir='ltr'>nec</span> <span class='ocrx_word' id='word_1_75' title='bbox 301 1129 368 1169; x_wconf 91' lang='lat' dir='ltr'>ulli</span> <span class='ocrx_word' id='word_1_76' title='bbox 400 1129 562 1169; x_wconf 89' lang='lat' dir='ltr'>iuuenes</span> <span class='ocrx_word' id='word_1_77' title='bbox 592 1137 682 1167; x_wconf 89' lang='lat' dir='ltr'>sunt</span> <span class='ocrx_word' id='word_1_78' title='bbox 714 1128 853 1179; x_wconf 88' lang='lat' dir='ltr'>reperti</span> <span class='ocrx_word' id='word_1_79' title='bbox 883 1130 934 1168; x_wconf 86' lang='lat' dir='ltr'>ad</span> <span class='ocrx_word' id='word_1_80' title='bbox 965 1129 1132 1168; x_wconf 85' lang='lat' dir='ltr'>ianuam.</span> <span class='ocrx_word' id='word_1_81' title='bbox 1490 1144 1530 1176; x_wconf 80' lang='lat'>30</span> 
     </span>
    </p>
   </div>
   <div class='ocr_carea' id='block_1_4' title="bbox 198 1194 1068 1367">
    <p class='ocr_par' dir='ltr' id='par_1_12' title="bbox 198 1194 1068 1367">
     <span class='ocr_line' id='line_1_16' title="bbox 198 1194 968 1245; baseline -0.004 -10"><span class='ocrx_word' id='word_1_82' title='bbox 198 1204 240 1234; x_wconf 90' lang='lat' dir='ltr'>ut</span> <span class='ocrx_word' id='word_1_83' title='bbox 269 1204 329 1235; x_wconf 90' lang='lat' dir='ltr'>est</span> <span class='ocrx_word' id='word_1_84' title='bbox 359 1197 538 1245; x_wconf 84' lang='lat' dir='ltr'>uulgatus</span> <span class='ocrx_word' id='word_1_85' title='bbox 570 1196 668 1233; x_wconf 88' lang='lat' dir='ltr'>ordo</span> <span class='ocrx_word' id='word_1_86' title='bbox 699 1202 874 1233; x_wconf 83' lang='lat' dir='ltr'>narratae</span> <span class='ocrx_word' id='word_1_87' title='bbox 905 1194 968 1241; x_wconf 90' lang='lat' dir='ltr'>rei,</span> 
     </span>
     <span class='ocr_line' id='line_1_17' title="bbox 198 1260 1068 1309; baseline -0.002 -9"><span class='ocrx_word' id='word_1_88' title='bbox 198 1273 337 1300; x_wconf 89' lang='lat' dir='ltr'>omnes</span> <span class='ocrx_word' id='word_1_89' title='bbox 367 1260 538 1299; x_wconf 89' lang='lat' dir='ltr'>scierunt</span> <span class='ocrx_word' id='word_1_90' title='bbox 568 1260 775 1298; x_wconf 88' lang='lat' dir='ltr'>numinum</span> <span class='ocrx_word' id='word_1_91' title='bbox 809 1261 1068 1309; x_wconf 75' lang='lat' dir='ltr'>praesentiam</span> 
     </span>
     <span class='ocr_line' id='line_1_18' title="bbox 198 1325 969 1367; baseline -0.004 -1"><span class='ocrx_word' id='word_1_92' title='bbox 198 1325 277 1366; x_wconf 85' lang='lat' dir='ltr'>uati</span> <span class='ocrx_word' id='word_1_93' title='bbox 307 1326 464 1367; x_wconf 84' lang='lat' dir='ltr'>dedisse</span> <span class='ocrx_word' id='word_1_94' title='bbox 496 1326 617 1364; x_wconf 88' lang='lat' dir='ltr'>uitam</span> <span class='ocrx_word' id='word_1_95' title='bbox 649 1325 841 1364; x_wconf 76' lang='lat' dir='ltr'>mercedis</span> <span class='ocrx_word' id='word_1_96' title='bbox 872 1326 969 1364; x_wconf 84' lang='lat' dir='ltr'>loco.</span> 
     </span>
    </p>
   </div>
   <div class='ocr_carea' id='block_1_5' title="bbox 409 1456 1047 1575">
    <p class='ocr_par' dir='ltr' id='par_1_13' title="bbox 409 1456 1047 1575">
     <span class='ocr_line' id='line_1_19' title="bbox 577 1456 882 1495; baseline -0.003 -1"><span class='ocrx_word' id='word_1_97' title='bbox 577 1456 716 1494; x_wconf 81' lang='lat' dir='ltr'><em>EPIL</em></span> <span class='ocrx_word' id='word_1_98' title='bbox 727 1456 805 1495; x_wconf 89' lang='lat' dir='ltr'>OG</span> <span class='ocrx_word' id='word_1_99' title='bbox 818 1456 882 1494; x_wconf 74' lang='lat' dir='ltr'>VS</span> 
     </span>
     <span class='ocr_line' id='line_1_20' title="bbox 409 1540 1047 1575; baseline -0.003 -1"><span class='ocrx_word' id='word_1_100' title='bbox 409 1542 563 1575; x_wconf 79' lang='lat' dir='ltr'><strong>POETA</strong></span> <span class='ocrx_word' id='word_1_101' title='bbox 588 1543 654 1573; x_wconf 87' lang='lat' dir='ltr'>AD</span> <span class='ocrx_word' id='word_1_102' title='bbox 681 1540 1047 1572; x_wconf 53' lang='lat' dir='ltr'>PARTlcfoONEM</span> 
     </span>
    </p>
   </div>
   <div class='ocr_carea' id='block_1_6' title="bbox 198 1619 1534 1930">
    <p class='ocr_par' dir='ltr' id='par_1_14' title="bbox 198 1619 1534 1930">
     <span class='ocr_line' id='line_1_21' title="bbox 252 1619 1254 1671; baseline -0.002 -11"><span class='ocrx_word' id='word_1_103' title='bbox 252 1623 406 1660; x_wconf 81' lang='lat' dir='ltr'>ADch</span> <span class='ocrx_word' id='word_1_104' title='bbox 435 1629 644 1671; x_wconf 84' lang='lat' dir='ltr'>supersunt</span> <span class='ocrx_word' id='word_1_105' title='bbox 676 1621 797 1658; x_wconf 87' lang='lat' dir='ltr'>multa</span> <span class='ocrx_word' id='word_1_106' title='bbox 826 1632 927 1670; x_wconf 89' lang='lat' dir='ltr'>quae</span> <span class='ocrx_word' id='word_1_107' title='bbox 958 1619 1103 1669; x_wconf 83' lang='lat' dir='ltr'>possim</span> <span class='ocrx_word' id='word_1_108' title='bbox 1135 1620 1254 1670; x_wconf 85' lang='lat' dir='ltr'>loqui,</span> 
     </span>
     <span class='ocr_line' id='line_1_22' title="bbox 198 1684 1010 1737; baseline -0.004 -12"><span class='ocrx_word' id='word_1_109' title='bbox 198 1694 235 1725; x_wconf 86' lang='lat' dir='ltr'>et</span> <span class='ocrx_word' id='word_1_110' title='bbox 265 1686 427 1737; x_wconf 84' lang='lat' dir='ltr'>copiosa</span> <span class='ocrx_word' id='word_1_111' title='bbox 455 1686 632 1724; x_wconf 85' lang='lat' dir='ltr'>abundat</span> <span class='ocrx_word' id='word_1_112' title='bbox 663 1697 788 1723; x_wconf 86' lang='lat' dir='ltr'>rerum</span> <span class='ocrx_word' id='word_1_113' title='bbox 820 1684 985 1723; x_wconf 86' lang='lat' dir='ltr'>uarietas</span> <span class='ocrx_word' id='word_1_114' title='bbox 1000 1700 1010 1732; x_wconf 78' lang='lat'>3</span> 
     </span>
     <span class='ocr_line' id='line_1_23' title="bbox 199 1749 1042 1802; baseline -0.004 -12"><span class='ocrx_word' id='word_1_115' title='bbox 199 1752 268 1790; x_wconf 83' lang='lat' dir='ltr'>sed</span> <span class='ocrx_word' id='word_1_116' title='bbox 298 1760 537 1802; x_wconf 83' lang='lat' dir='ltr'>temperatae</span> <span class='ocrx_word' id='word_1_117' title='bbox 568 1764 708 1789; x_wconf 88' lang='lat' dir='ltr'>suaues</span> <span class='ocrx_word' id='word_1_118' title='bbox 739 1758 828 1788; x_wconf 91' lang='lat' dir='ltr'>sunt</span> <span class='ocrx_word' id='word_1_119' title='bbox 859 1749 1042 1800; x_wconf 83' lang='lat' dir='ltr'>argutiae,</span> 
     </span>
     <span class='ocr_line' id='line_1_24' title="bbox 200 1815 1235 1866; baseline -0.002 -10"><span class='ocrx_word' id='word_1_120' title='bbox 200 1817 422 1856; x_wconf 85' lang='lat' dir='ltr'>inmodicae</span> <span class='ocrx_word' id='word_1_121' title='bbox 452 1818 669 1857; x_wconf 85' lang='lat' dir='ltr'>offendunt.</span> <span class='ocrx_word' id='word_1_122' title='bbox 730 1829 860 1866; x_wconf 84' lang='lat' dir='ltr'>quare,</span> <span class='ocrx_word' id='word_1_123' title='bbox 893 1815 951 1853; x_wconf 91' lang='lat' dir='ltr'>uir</span> <span class='ocrx_word' id='word_1_124' title='bbox 981 1816 1235 1862; x_wconf 84' lang='lat' dir='ltr'>sanctissime,</span> 
     </span>
     <span class='ocr_line' id='line_1_25' title="bbox 202 1881 1534 1930; baseline -0.005 -8"><span class='ocrx_word' id='word_1_125' title='bbox 202 1883 408 1930; x_wconf 82' lang='lat' dir='ltr'>Particulo,</span> <span class='ocrx_word' id='word_1_126' title='bbox 439 1883 757 1922; x_wconf 83' lang='lat' dir='ltr'>chartis‘nomen</span> <span class='ocrx_word' id='word_1_127' title='bbox 790 1881 984 1919; x_wconf 87' lang='lat' dir='ltr'>uicturum</span> <span class='ocrx_word' id='word_1_128' title='bbox 1015 1882 1122 1926; x_wconf 74' lang='lat' dir='ltr'>meis,</span> <span class='ocrx_word' id='word_1_129' title='bbox 1518 1887 1534 1917; x_wconf 80' lang='lat'>5</span> 
     </span>
    </p>
   </div>
   <div class='ocr_carea' id='block_1_7' title="bbox 199 1978 1535 2499">
    <p class='ocr_par' dir='ltr' id='par_1_15' title="bbox 199 1978 1535 2288">
     <span class='ocr_line' id='line_1_26' title="bbox 246 1978 1529 2020; baseline 0.002 -6"><span class='ocrx_word' id='word_1_130' title='bbox 246 1985 284 2015; x_wconf 86' lang='lat'>18</span> <span class='ocrx_word' id='word_1_131' title='bbox 307 1985 478 2017; x_wconf 86' lang='lat' dir='ltr'>dimissam</span> <span class='ocrx_word' id='word_1_132' title='bbox 491 1986 603 2018; x_wconf 86' lang='lat' dir='ltr'><em>PNV:</em></span> <span class='ocrx_word' id='word_1_133' title='bbox 623 1988 838 2018; x_wconf 84' lang='lat' dir='ltr'>dissimulans</span> <span class='ocrx_word' id='word_1_134' title='bbox 849 1985 988 2017; x_wconf 83' lang='lat' dir='ltr'>Mueller</span> <span class='ocrx_word' id='word_1_135' title='bbox 1049 1991 1087 2020; x_wconf 87' lang='lat'>19</span> <span class='ocrx_word' id='word_1_136' title='bbox 1107 1979 1192 2010; x_wconf 76' lang='lat' dir='ltr'>redit</span> <span class='ocrx_word' id='word_1_137' title='bbox 1205 1978 1272 2009; x_wconf 80' lang='lat' dir='ltr'>NV</span> <span class='ocrx_word' id='word_1_138' title='bbox 1333 1990 1376 2010; x_wconf 84' lang='lat'>20</span> <span class='ocrx_word' id='word_1_139' title='bbox 1395 1981 1529 2020; x_wconf 71' lang='lat' dir='ltr'>populis</span> 
     </span>
     <span class='ocr_line' id='line_1_27' title="bbox 201 2024 1528 2063; baseline -0.002 -5"><span class='ocrx_word' id='word_1_140' title='bbox 201 2026 270 2059; x_wconf 88' lang='lat' dir='ltr'>NV</span> <span class='ocrx_word' id='word_1_141' title='bbox 357 2039 395 2060; x_wconf 86' lang='lat'>21</span> <span class='ocrx_word' id='word_1_142' title='bbox 421 2040 487 2062; x_wconf 87' lang='lat' dir='ltr'>om.</span> <span class='ocrx_word' id='word_1_143' title='bbox 513 2029 583 2061; x_wconf 81' lang='lat' dir='ltr'>NV</span> <span class='ocrx_word' id='word_1_144' title='bbox 682 2042 723 2061; x_wconf 90' lang='lat'>22</span> <span class='ocrx_word' id='word_1_145' title='bbox 750 2032 816 2062; x_wconf 90' lang='lat' dir='ltr'>duo</span> <span class='ocrx_word' id='word_1_146' title='bbox 835 2040 909 2062; x_wconf 87' lang='lat' dir='ltr'>cum</span> <span class='ocrx_word' id='word_1_147' title='bbox 927 2029 981 2060; x_wconf 86' lang='lat' dir='ltr'>N:</span> <span class='ocrx_word' id='word_1_148' title='bbox 1003 2025 1140 2057; x_wconf 88' lang='lat' dir='ltr'>domino</span> <span class='ocrx_word' id='word_1_149' title='bbox 1158 2024 1218 2063; x_wconf 68' lang='lat' dir='ltr'>(tta</span> <span class='ocrx_word' id='word_1_150' title='bbox 1235 2028 1410 2062; x_wconf 84' lang='lat' dir='ltr'>tamquam</span> <span class='ocrx_word' id='word_1_151' title='bbox 1426 2035 1447 2055; x_wconf 83' lang='lat' dir='ltr'>a</span> <span class='ocrx_word' id='word_1_152' title='bbox 1464 2025 1528 2055; x_wconf 76' lang='lat' dir='ltr'>dfio</span> 
     </span>
     <span class='ocr_line' id='line_1_28' title="bbox 200 2067 1527 2114; baseline 0.002 -11"><span class='ocrx_word' id='word_1_153' title='bbox 200 2072 325 2112; x_wconf 84' lang='lat' dir='ltr'>ortum)</span> <span class='ocrx_word' id='word_1_154' title='bbox 345 2083 418 2105; x_wconf 90' lang='lat' dir='ltr'>cum</span> <span class='ocrx_word' id='word_1_155' title='bbox 439 2073 488 2106; x_wconf 88' lang='lat' dir='ltr'>V:</span> <span class='ocrx_word' id='word_1_156' title='bbox 513 2084 588 2105; x_wconf 89' lang='lat' dir='ltr'>curn</span> <span class='ocrx_word' id='word_1_157' title='bbox 605 2076 671 2106; x_wconf 89' lang='lat' dir='ltr'>duo</span> <span class='ocrx_word' id='word_1_158' title='bbox 688 2075 721 2106; x_wconf 82' lang='lat' dir='ltr'><em>P</em></span> <span class='ocrx_word' id='word_1_159' title='bbox 815 2086 854 2114; x_wconf 83' lang='lat'>24</span> <span class='ocrx_word' id='word_1_160' title='bbox 883 2075 1021 2104; x_wconf 83' lang='lat' dir='ltr'>sormam</span> <span class='ocrx_word' id='word_1_161' title='bbox 1043 2067 1246 2109; x_wconf 64' lang='lat' dir='ltr'>Npt&#39;ssm&#39;lus</span> <span class='ocrx_word' id='word_1_162' title='bbox 1264 2071 1301 2097; x_wconf 72' lang='grc' dir='ltr'>ΠΙ</span> <span class='ocrx_word' id='word_1_163' title='bbox 1321 2067 1411 2097; x_wconf 80' lang='lat' dir='ltr'>celeri</span> <span class='ocrx_word' id='word_1_164' title='bbox 1425 2067 1527 2106; x_wconf 63' lang='lat' dir='ltr'><em>codd„</em></span> 
     </span>
     <span class='ocr_line' id='line_1_29' title="bbox 200 2111 1527 2157; baseline -0.001 -10"><span class='ocrx_word' id='word_1_165' title='bbox 200 2127 266 2148; x_wconf 86' lang='lat' dir='ltr'>non</span> <span class='ocrx_word' id='word_1_166' title='bbox 285 2117 444 2157; x_wconf 83' lang='lat' dir='ltr'>speciem.</span> <span class='ocrx_word' id='word_1_167' title='bbox 471 2122 546 2149; x_wconf 82' lang='lat' dir='ltr'>teste</span> <span class='ocrx_word' id='word_1_168' title='bbox 570 2118 668 2150; x_wconf 76' lang='lat' dir='ltr'>Basst</span> <span class='ocrx_word' id='word_1_169' title='bbox 773 2119 908 2150; x_wconf 85' lang='lat' dir='ltr'>seruulo</span> <span class='ocrx_word' id='word_1_170' title='bbox 934 2117 1007 2149; x_wconf 89' lang='lat' dir='ltr'>NV</span> <span class='ocrx_word' id='word_1_171' title='bbox 1112 2123 1154 2152; x_wconf 84' lang='lat'>25</span> <span class='ocrx_word' id='word_1_172' title='bbox 1180 2115 1341 2150; x_wconf 68' lang='lat' dir='ltr'>prouocet</span> <span class='ocrx_word' id='word_1_173' title='bbox 1370 2111 1401 2141; x_wconf 90' lang='lat' dir='ltr'><em>V</em></span> <span class='ocrx_word' id='word_1_174' title='bbox 1420 2111 1527 2143; x_wconf 64' lang='lat' dir='ltr'><em>PHb-2</em></span> 
     </span>
     <span class='ocr_line' id='line_1_30' title="bbox 200 2155 1534 2204; baseline -0.006 -12"><span class='ocrx_word' id='word_1_175' title='bbox 200 2166 388 2201; x_wconf 85' lang='lat' dir='ltr'>prouocent</span> <span class='ocrx_word' id='word_1_176' title='bbox 401 2161 476 2192; x_wconf 85' lang='lat' dir='ltr'>PR‘</span> <span class='ocrx_word' id='word_1_177' title='bbox 559 2173 610 2202; x_wconf 88' lang='lat'>27.</span> <span class='ocrx_word' id='word_1_178' title='bbox 626 2163 687 2194; x_wconf 85' lang='lat'>28*</span> <span class='ocrx_word' id='word_1_179' title='bbox 712 2167 795 2194; x_wconf 82' lang='lat' dir='ltr'>mter</span> <span class='ocrx_word' id='word_1_180' title='bbox 809 2175 840 2193; x_wconf 84' lang='lat' dir='ltr'>se</span> <span class='ocrx_word' id='word_1_181' title='bbox 852 2163 1058 2204; x_wconf 81' lang='lat' dir='ltr'>transposuit</span> <span class='ocrx_word' id='word_1_182' title='bbox 1069 2158 1158 2190; x_wconf 69' lang='lat' dir='ltr'>Pith.</span> <span class='ocrx_word' id='word_1_183' title='bbox 1249 2165 1288 2195; x_wconf 85' lang='lat'>27</span> <span class='ocrx_word' id='word_1_184' title='bbox 1314 2160 1484 2195; x_wconf 87' lang='lat' dir='ltr'>promorat</span> <span class='ocrx_word' id='word_1_185' title='bbox 1497 2155 1534 2185; x_wconf 92' lang='lat' dir='ltr'><em>N</em></span> 
     </span>
     <span class='ocr_line' id='line_1_31' title="bbox 201 2198 1535 2247; baseline -0.001 -11"><span class='ocrx_word' id='word_1_186' title='bbox 201 2205 386 2246; x_wconf 84' lang='lat' dir='ltr'>(premeret</span> <span class='ocrx_word' id='word_1_187' title='bbox 419 2204 486 2237; x_wconf 61' lang='lat' dir='ltr'>Vi:</span> <span class='ocrx_word' id='word_1_188' title='bbox 528 2213 746 2246; x_wconf 88' lang='lat' dir='ltr'>promouerat</span> <span class='ocrx_word' id='word_1_189' title='bbox 780 2207 844 2238; x_wconf 87' lang='lat' dir='ltr'>PR</span> <span class='ocrx_word' id='word_1_190' title='bbox 978 2217 1020 2247; x_wconf 88' lang='lat'>29</span> <span class='ocrx_word' id='word_1_191' title='bbox 1044 2215 1196 2238; x_wconf 83' lang='lat' dir='ltr'>camarae</span> <span class='ocrx_word' id='word_1_192' title='bbox 1228 2200 1278 2230; x_wconf 78' lang='lat' dir='ltr'>P:</span> <span class='ocrx_word' id='word_1_193' title='bbox 1317 2199 1435 2230; x_wconf 77' lang='lat' dir='ltr'>domus</span> <span class='ocrx_word' id='word_1_194' title='bbox 1465 2198 1535 2229; x_wconf 85' lang='lat' dir='ltr'>NV</span> 
     </span>
     <span class='ocr_line' id='line_1_32' title="bbox 199 2242 1514 2288; baseline -0.002 -8"><span class='ocrx_word' id='word_1_195' title='bbox 199 2258 242 2288; x_wconf 82' lang='lat'>32</span> <span class='ocrx_word' id='word_1_196' title='bbox 265 2248 414 2280; x_wconf 85' lang='lat' dir='ltr'>scierunt</span> <span class='ocrx_word' id='word_1_197' title='bbox 432 2249 479 2281; x_wconf 89' lang='lat' dir='ltr'>P:</span> <span class='ocrx_word' id='word_1_198' title='bbox 505 2250 662 2281; x_wconf 88' lang='lat' dir='ltr'>dixerunt</span> <span class='ocrx_word' id='word_1_199' title='bbox 681 2250 750 2280; x_wconf 79' lang='lat' dir='ltr'>NV</span> <span class='ocrx_word' id='word_1_200' title='bbox 835 2251 1007 2282; x_wconf 90' lang='lat' dir='ltr'>numinum</span> <span class='ocrx_word' id='word_1_201' title='bbox 1025 2250 1113 2282; x_wconf 78' lang='lat' dir='ltr'>NV:</span> <span class='ocrx_word' id='word_1_202' title='bbox 1139 2250 1310 2281; x_wconf 90' lang='lat' dir='ltr'>nominum</span> <span class='ocrx_word' id='word_1_203' title='bbox 1328 2243 1362 2274; x_wconf 87' lang='grc' dir='ltr'><em>Ρ</em></span> <span class='ocrx_word' id='word_1_204' title='bbox 1375 2255 1420 2274; x_wconf 81' lang='lat' dir='ltr'>m·</span> <span class='ocrx_word' id='word_1_205' title='bbox 1439 2253 1451 2272; x_wconf 95' lang='lat'>1</span> <span class='ocrx_word' id='word_1_206' title='bbox 1472 2242 1514 2272; x_wconf 79' lang='lat' dir='ltr'>R&#39;</span> 
     </span>
    </p>

    <p class='ocr_par' dir='ltr' id='par_1_16' title="bbox 244 2287 1530 2334">
     <span class='ocr_line' id='line_1_33' title="bbox 244 2287 1530 2334; baseline -0.001 -10"><span class='ocrx_word' id='word_1_207' title='bbox 244 2291 329 2324; x_wconf 86' lang='lat' dir='ltr'>Post</span> <span class='ocrx_word' id='word_1_208' title='bbox 343 2292 402 2324; x_wconf 81' lang='lat' dir='ltr'>hoc</span> <span class='ocrx_word' id='word_1_209' title='bbox 411 2303 540 2324; x_wconf 86' lang='lat' dir='ltr'>carmen</span> <span class='ocrx_word' id='word_1_210' title='bbox 556 2297 739 2334; x_wconf 84' lang='lat' dir='ltr'>sequuntur</span> <span class='ocrx_word' id='word_1_211' title='bbox 749 2295 782 2324; x_wconf 82' lang='lat' dir='ltr'>in</span> <span class='ocrx_word' id='word_1_212' title='bbox 797 2293 870 2324; x_wconf 81' lang='lat' dir='ltr'>PR&#39;</span> <span class='ocrx_word' id='word_1_213' title='bbox 882 2294 952 2325; x_wconf 80' lang='lat' dir='ltr'>lrbn</span> <span class='ocrx_word' id='word_1_214' title='bbox 972 2293 1019 2324; x_wconf 91' lang='lat'>111</span> <span class='ocrx_word' id='word_1_215' title='bbox 1037 2295 1181 2334; x_wconf 79' lang='lat' dir='ltr'>epilogus</span> <span class='ocrx_word' id='word_1_216' title='bbox 1191 2298 1221 2325; x_wconf 87' lang='lat' dir='ltr'>et</span> <span class='ocrx_word' id='word_1_217' title='bbox 1232 2293 1304 2324; x_wconf 79' lang='lat' dir='ltr'>lilm</span> <span class='ocrx_word' id='word_1_218' title='bbox 1318 2289 1364 2322; x_wconf 93' lang='lat' dir='ltr'>1V</span> <span class='ocrx_word' id='word_1_219' title='bbox 1370 2287 1530 2329; x_wconf 70' lang='lat' dir='ltr'>prologus</span> 
     </span>
    </p>

    <p class='ocr_par' dir='ltr' id='par_1_17' title="bbox 199 2330 1531 2498">
     <span class='ocr_line' id='line_1_34' title="bbox 243 2330 1531 2378; baseline 0 -12"><span class='ocrx_word' id='word_1_220' title='bbox 243 2334 414 2376; x_wconf 59' lang='lat' dir='ltr'>Epilogus</span> <span class='ocrx_word' id='word_1_221' title='bbox 461 2333 500 2367; x_wconf 85' lang='lat' dir='ltr'>H</span> <span class='ocrx_word' id='word_1_222' title='bbox 515 2337 572 2376; x_wconf 86' lang='lat'>96.</span> <span class='ocrx_word' id='word_1_223' title='bbox 661 2336 733 2368; x_wconf 87' lang='lat' dir='ltr'>Hoc</span> <span class='ocrx_word' id='word_1_224' title='bbox 755 2348 886 2368; x_wconf 84' lang='lat' dir='ltr'>carmen</span> <span class='ocrx_word' id='word_1_225' title='bbox 909 2337 1000 2377; x_wconf 86' lang='lat' dir='ltr'>quod</span> <span class='ocrx_word' id='word_1_226' title='bbox 1015 2341 1092 2378; x_wconf 84' lang='lat' dir='ltr'>post</span> <span class='ocrx_word' id='word_1_227' title='bbox 1111 2337 1151 2369; x_wconf 93' lang='lat' dir='ltr'>V.</span> <span class='ocrx_word' id='word_1_228' title='bbox 1171 2348 1190 2368; x_wconf 93' lang='lat' dir='ltr'>v</span> <span class='ocrx_word' id='word_1_229' title='bbox 1211 2337 1358 2368; x_wconf 77' lang='lat' dir='ltr'>exhibent</span> <span class='ocrx_word' id='word_1_230' title='bbox 1380 2331 1444 2364; x_wconf 82' lang='lat' dir='ltr'>PR</span> <span class='ocrx_word' id='word_1_231' title='bbox 1468 2330 1531 2361; x_wconf 75' lang='lat' dir='ltr'>lmc</span> 
     </span>
     <span class='ocr_line' id='line_1_35' title="bbox 200 2378 1528 2420; baseline -0.005 -9"><span class='ocrx_word' id='word_1_232' title='bbox 200 2379 373 2412; x_wconf 79' lang='lat' dir='ltr'>transtulit</span> <span class='ocrx_word' id='word_1_233' title='bbox 386 2379 522 2420; x_wconf 63' lang='lat' dir='ltr'>Brona,</span> <span class='ocrx_word' id='word_1_234' title='bbox 542 2379 746 2412; x_wconf 80' lang='lat' dir='ltr'>dissentiente</span> <span class='ocrx_word' id='word_1_235' title='bbox 762 2380 894 2412; x_wconf 82' lang='lat' dir='ltr'>Haueto</span> <span class='ocrx_word' id='word_1_236' title='bbox 1007 2392 1026 2420; x_wconf 88' lang='lat'><strong>4</strong></span> <span class='ocrx_word' id='word_1_237' title='bbox 1052 2382 1240 2412; x_wconf 87' lang='lat' dir='ltr'>inmodicae</span> <span class='ocrx_word' id='word_1_238' title='bbox 1258 2378 1528 2411; x_wconf 71' lang='lat' dir='ltr'>Rittershausen:</span> 
     </span>
     <span class='ocr_line' id='line_1_36' title="bbox 199 2422 1526 2498; baseline -0.002 -45"><span class='ocrx_word' id='word_1_239' title='bbox 199 2423 367 2498; x_wconf 60' lang='lat' dir='ltr'>ilgmodica</span> <span class='ocrx_word' id='word_1_240' title='bbox 381 2422 446 2454; x_wconf 88' lang='lat' dir='ltr'>PR</span> <span class='ocrx_word' id='word_1_241' title='bbox 519 2433 538 2463; x_wconf 87' lang='lat'>5</span> <span class='ocrx_word' id='word_1_242' title='bbox 562 2424 686 2455; x_wconf 87' lang='lat' dir='ltr'>chartis</span> <span class='ocrx_word' id='word_1_243' title='bbox 700 2424 786 2456; x_wconf 84' lang='lat' dir='ltr'>Pith.</span> <span class='ocrx_word' id='word_1_244' title='bbox 801 2436 807 2456; x_wconf 92' lang='lat'>:</span> <span class='ocrx_word' id='word_1_245' title='bbox 829 2424 908 2455; x_wconf 85' lang='lat' dir='ltr'>artis</span> <span class='ocrx_word' id='word_1_246' title='bbox 922 2424 986 2456; x_wconf 84' lang='lat' dir='ltr'>PR</span> <span class='ocrx_word' id='word_1_247' title='bbox 1053 2425 1219 2456; x_wconf 88' lang='lat' dir='ltr'>uicturum</span> <span class='ocrx_word' id='word_1_248' title='bbox 1234 2423 1320 2456; x_wconf 81' lang='lat' dir='ltr'>Pith.</span> <span class='ocrx_word' id='word_1_249' title='bbox 1337 2436 1344 2455; x_wconf 74' lang='lat' dir='ltr'>t</span> <span class='ocrx_word' id='word_1_250' title='bbox 1365 2422 1526 2453; x_wconf 87' lang='lat' dir='ltr'>uirturum</span> 
     </span>
    </p>

    <p class='ocr_par' dir='ltr' id='par_1_18' title="bbox 247 2477 320 2499">
     <span class='ocr_line' id='line_1_37' title="bbox 247 2477 320 2499; baseline -0.014 -2"><span class='ocrx_word' id='word_1_251' title='bbox 247 2477 290 2499; x_wconf 87' lang='lat' dir='ltr'>m.</span> <span class='ocrx_word' id='word_1_252' title='bbox 309 2477 320 2496; x_wconf 90' lang='lat'>1</span> 
     </span>
    </p>
   </div>
   <div class='ocr_carea' id='block_1_8' title="bbox 1403 2521 1442 2552">
    <p class='ocr_par' dir='ltr' id='par_1_19' title="bbox 1403 2521 1442 2552">
     <span class='ocr_line' id='line_1_38' title="bbox 1403 2521 1442 2552; baseline 0 -12"><span class='ocrx_word' id='word_1_253' title='bbox 1403 2521 1442 2552; x_wconf 74' lang='lat'>5*</span> 
     </span>
    </p>
   </div>
  </div>
 </body>
</html>
