1747 2745
677 145 997 184 PRAEFATIO

169 255 424 306 defungenda
465 254 540 294 nisi
574 254 754 292 Thielius
789 253 990 303 exagitatis
1022 253 1144 304 magis
1170 267 1288 304 quam
1321 253 1495 293 refutatis

168 319 341 371 priorum
372 319 589 359 rationibus
620 319 772 369 liquido
802 328 982 368 negasset
1013 319 1174 369 (op.c1'l.‚
1198 332 1261 369 pp.
1283 318 1370 366 xlvi,
1392 317 1495 368 ccix)

167 397 257 424 eum
279 385 346 435 qui
369 385 529 424 fabellas
560 398 632 423 nec
662 384 703 424 in
731 384 952 424 Pithoeano
982 397 1054 422 nec
1085 386 1122 422 in
1155 383 1363 423 Perottinis
1392 397 1495 422 com-

167 458 347 500 parentes
377 450 558 488 Phaedro
586 449 884 488 reconcinnatas
915 450 1078 488 reddere
1106 448 1314 488 instituerit
1337 457 1495 487 cuncto-

167 527 251 553 rum
275 515 619 564 Paraphrastarum
651 515 795 552 debere
827 513 883 552 uti
914 513 1080 552 indiciis.
1120 514 1181 552 cui
1217 515 1246 552 si
1277 513 1495 552 adsenseris

167 579 207 617 in
236 592 382 617 uanum
417 579 591 618 recident
626 592 728 629 quae
761 592 850 617 cum
885 579 937 617 illi
967 587 1049 616 tum
1083 593 1155 618 nos
1182 581 1220 617 in
1250 580 1325 617 hoc
1354 591 1495 628 genere

167 643 468 683 elaborauimus.
545 657 617 693 ego
658 657 752 682 uero
792 651 944 682 tantum
985 643 1096 681 abest
1134 651 1176 682 ut
1216 645 1331 681 talem
1372 656 1495 693 paene

167 708 449 759 malignitatem
478 709 734 759 comprobem
767 716 810 747 ut
842 708 960 747 etiam
992 721 1059 746 eos
1088 709 1361 759 Paraphrastas
1396 721 1495 757 quos

167 773 406 824 praeterierit
435 774 506 812 uiri
536 774 643 813 docti
683 773 723 812 in
758 773 898 812 ceteris
934 773 1095 824 insignis
1130 774 1319 813 industria
1350 775 1495 811 fructus

166 838 316 889 aliquid
339 838 508 878 subinde
525 838 844 890 suppeditaturos
866 852 950 877 esse
973 852 1053 878 non
1075 840 1290 889 desperem,
1308 839 1415 889 quod
1431 839 1494 876 uel

168 905 205 942 in
229 905 334 943 Nou.
358 904 452 943 Fab.
475 903 498 952 i,
521 903 585 942 viii
607 912 740 954 patere
760 903 1006 942 crediderim.

230 970 284 1007 Vt
305 970 381 1008 iarn
404 970 454 1008 de
486 969 572 1020 ipso
601 968 668 1008 illo
700 970 865 1007 Phaedri
893 968 1032 1008 codice
1059 970 1165 1008 unde
1191 969 1364 1019 pendent
1386 970 1495 1006 Para-

166 1034 346 1085 phrastae
381 1034 419 1073 in
451 1036 679 1074 uniuersum
714 1036 932 1085 loquamur,
967 1034 998 1072 is
1032 1034 1157 1085 qualis
1192 1036 1268 1073 fere
1307 1033 1419 1072 suerit
1450 1048 1495 1072 ex

166 1099 423 1139 adnotatione
462 1100 597 1139 critica
645 1107 779 1140 nostra
819 1099 1034 1150 apparebit.
1110 1113 1160 1138 an
1198 1099 1347 1149 integer
1381 1097 1495 1140 fuerit

168 1165 401 1205 uersibusue
436 1165 659 1213 distinctus,
693 1164 899 1203 incertum.
961 1165 1183 1214 complures
1211 1172 1314 1203 certe
1341 1163 1494 1202 fabulas

167 1230 396 1271 continebat
417 1244 514 1282 quas
535 1231 666 1269 nullus
687 1229 807 1268 hodie
832 1230 968 1268 codex.
1010 1237 1192 1280 corrupta
1202 1228 1297 1268 locis
1320 1228 1495 1279 pluribus

167 1296 390 1343 exhibebat,
413 1295 453 1334 in
484 1309 566 1334 non
597 1294 713 1334 nullis
743 1294 860 1333 etiam
888 1294 1191 1345 corruptissima.
1242 1307 1370 1344 neque
1388 1295 1492 1332 enirn

167 1374 269 1412 quae
304 1361 436 1413 inepta
473 1370 512 1401 et
552 1369 803 1400 monstruosa
840 1362 1035 1411 quaedam
1075 1362 1181 1412 apud
1220 1361 1494 1410 Paraphrastas

167 1435 320 1466 exstant
354 1426 489 1466 omnia
521 1428 685 1465 Romuli
726 1426 902 1466 inscitiae
941 1426 1224 1476 socordiaeque
1262 1426 1494 1476 imputanda

168 1500 270 1531 sunt.
320 1492 444 1553 nihilo
465 1494 596 1531 minus
618 1501 751 1532 tamen
771 1492 835 1530 hic
861 1491 938 1530 illic
959 1500 1191 1539 seruauerat,
1216 1491 1246 1530 si
1268 1505 1347 1530 non
1368 1490 1492 1541 ipsam

169 1558 386 1606 ueritatem,
411 1566 456 1600 at
486 1558 660 1597 ueritatis
695 1559 831 1597 saltem
864 1557 1039 1608 uestigia.
1098 1559 1275 1608 duplices
1305 1556 1494 1595 lectiones

167 1625 319 1675 aliquot
346 1624 442 1663 locis
470 1624 627 1663 uidetur
648 1623 834 1663 habuisse
856 1623 938 1662 siue
959 1624 1008 1662 ab
1031 1623 1334 1662 emendantibus
1356 1621 1494 1660 inlatas

169 1690 253 1728 siue
272 1689 324 1729 ab
344 1688 692 1740 interpretantibus
713 1690 762 1739 (I.
788 1688 884 1727 xxvi.
909 1691 943 1735 6,
967 1688 1091 1726 xxviii.
1111 1691 1145 1736 8,
1165 1690 1233 1726 IV.
1257 1687 1331 1725 xiii.
1356 1701 1412 1734 12,
1437 1699 1491 1735 17,

171 1756 249 1807 21).
305 1756 345 1793 in
367 1757 701 1805 repraesentando
722 1754 788 1793 illo
810 1753 978 1793 Phaedri
999 1753 1137 1792 codice
1159 1754 1323 1792 multum
1345 1752 1494 1791 uariant

170 1821 463 1871 Paraphrastae.
533 1820 573 1858 in
618 1819 846 1858 uniuersum
891 1818 1066 1870 proxime
1112 1820 1163 1858 ad
1211 1831 1300 1857 eum
1342 1816 1495 1856 accedit

166 1886 279 1924 codex
304 1885 498 1924 Ademart'
521 1883 634 1936 (Ad.)
663 1884 882 1935 (Hcrvicux
909 1891 934 1922 t.
964 1883 999 1931 ii,
1030 1897 1092 1934 pp.
1120 1897 1188 1933 131
1215 1896 1312 1932 sqq„
1341 1881 1495 1928 Thiele,

167 1951 258 1988 Der
300 1951 523 1989 illustrierle
566 1952 690 2001 Aesop
727 1951 768 1988 z'n
806 1952 875 1988 der
909 1949 1171 1998 Handsclzrifl
1205 1949 1269 1987 des
1309 1949 1493 1995 Ademar,

167 2028 202 2054 a.
238 2028 337 2067 1905
370 2029 460 2055 cum
491 2016 611 2054 totius
644 2015 791 2054 codicis
824 2015 993 2066 imagine
1023 2013 1358 2066 photographica),
1389 2014 1493 2052 idem

168 2089 301 2120 tamen
336 2082 541 2132 complura
572 2081 675 2119 iusto
710 2080 947 2120 contractius
986 2080 1050 2132 (cf.
1085 2080 1186 2119 Nou.
1225 2079 1319 2119 Fab.
1357 2078 1404 2126 ix,
1441 2079 1493 2130 x),

168 2160 295 2198 pauca
332 2147 450 2186 etiarn
499 2146 665 2196 plenius.
728 2148 904 2196 sequitur
944 2147 1296 2196 W’ssemburgensis
1337 2144 1496 2195 (lViss.)

168 2225 410 2262 quamquam
431 2213 587 2251 mendis
608 2225 727 2250 omne
742 2225 865 2262 genus
887 2219 925 2250 et
945 2213 1094 2250 lacunis
1112 2213 1302 2250 foedatus.
1342 2209 1497 2260 longius

171 2277 318 2317 absunt
349 2277 403 2316 illi
433 2291 534 2328 quos
572 2279 623 2316 ad
660 2277 821 2315 Romuli
853 2277 1083 2316 memoriam
1109 2277 1277 2316 maxime
1304 2275 1498 2327 pertinere

168 2343 362 2384 existimat
377 2344 558 2383 Thielius
577 2358 643 2383 seu
672 2343 900 2383 Gallicanae
927 2343 1004 2382 sint
1026 2343 1294 2390 Recensionis,
1316 2350 1358 2380 ut
1379 2341 1497 2392 ipsius

169 2410 298 2449 uerbis
320 2417 414 2456 utar,
439 2423 505 2449 seu
524 2409 676 2449 Veteris
699 2411 735 2447 in
758 2423 836 2459 qua
857 2410 977 2448 multa
999 2408 1156 2448 liberius
1179 2416 1326 2447 mutata
1345 2407 1430 2446 sint.

817 2489 851 2512 ix
