1747 2745
617 167 903 204 APPENDIX
940 165 1262 204 l'EROT'l'INA
1296 164 1527 202 XIII-XIV

714 310 811 347 xlv

644 394 742 425 DVO
766 395 914 426 PROCI

271 470 451 503 Fortunam
469 471 634 501 interdum
654 476 789 510 praeter
806 481 900 511 spem
918 469 1109 501 hominibus
1126 469 1239 499 fauere

259 548 389 585 VNAM
421 546 655 596 expetebant
687 545 877 596 uirginem
908 545 1071 583 iuuenes
1101 545 1192 583 duo.

207 611 301 651 uicit
330 612 503 662 locuples
533 625 656 661 genus
688 619 724 649 et
757 611 921 648 sormam
953 609 1144 661 pauperis.

207 684 247 715 ut
278 676 502 727 nuptiarum
533 676 661 715 dictus
691 675 852 715 aduenit
883 675 977 722 dies,

205 756 354 790 amans,
386 743 563 782 dolorem
594 741 686 792 quia
717 754 796 780 non
827 749 979 792 poterat
1010 739 1171 791 perpeti,

208 821 384 847 maerens
415 807 656 858 propinquos
687 808 852 846 contulit
883 820 924 845 se
954 806 992 844 in
1023 807 1210 852 hortulos,

207 887 307 926 quos
336 875 435 913 ultra
465 875 582 925 paulo
613 873 703 912 uilla
734 871 946 923 splendens
977 871 1110 911 diuitis

207 947 288 978 erat
316 947 526 990 acceptura
555 938 746 989 uirginem
777 952 798 977 e
829 937 960 976 matris
992 937 1089 983 sinu,

207 1018 344 1055 parum
374 1006 506 1055 ampla
535 1004 574 1042 in
605 1004 700 1042 urbe
731 1003 815 1042 uisa
845 1003 952 1053 quod
984 1003 1106 1041 suerat
1136 1003 1289 1042 domus.

207 1082 355 1122 pompa
383 1069 621 1121 explicatur3
661 1069 774 1108 turba
803 1067 999 1107 concurrit
1029 1069 1222 1118 frequens,

208 1142 246 1174 et
274 1134 522 1186 coniugalem
552 1135 714 1186 praebet
744 1136 1002 1185 Hymenaeus
1032 1134 1168 1172 facem.

208 1202 351 1240 asellus
380 1208 523 1247 autem,
556 1200 623 1251 qui
655 1200 806 1239 solebat
836 1198 996 1250 pauperi

208 1274 417 1317 quaestum
448 1266 598 1312 referre,
631 1265 758 1303 stabat
788 1272 922 1314 portae
953 1265 990 1302 in
1021 1262 1165 1302 limine.

209 1332 318 1369 illum
348 1331 502 1381 puellae
532 1342 624 1368 casu
655 1330 885 1368 conducunt
915 1328 984 1375 sui,

209 1395 297 1434 uiae
326 1395 479 1434 labores
509 1403 665 1433 teneros
696 1408 745 1433 ne
775 1395 932 1432 laedant
962 1394 1093 1443 pedes.

209 1468 370 1513 repente
400 1462 552 1499 caelum
582 1460 748 1499 Veneris
778 1459 1044 1499 misericordia

210 1528 339 1566 uentis
369 1535 575 1575 mouetur3
614 1525 767 1564 intonat
798 1524 935 1563 mundi
966 1525 1091 1574 fragor

211 1600 451 1643 noctemque
482 1591 614 1631 densis
645 1591 841 1629 horridam
873 1588 1018 1627 nimbis
1047 1589 1157 1640 parit.

211 1658 276 1696 lux
305 1657 451 1709 rapitur
481 1657 604 1696 oculis
620 1671 629 1705 3
668 1665 705 1695 et
737 1655 851 1695 simul
881 1654 940 1693 uis
969 1653 1168 1704 grandinis

211 1724 334 1762 effusa
363 1724 536 1773 trepidos
567 1723 710 1773 passim
741 1719 906 1759 comites
937 1719 1110 1770 dissipat,

212 1787 286 1828 sibi
316 1802 515 1840 quemque
546 1801 690 1839 cogens
721 1796 854 1838 petere
884 1784 1119 1836 praesidium
1150 1785 1249 1834 suga.

211 1855 354 1894 asellus
385 1861 522 1893 notum
554 1853 729 1905 proxime
760 1860 908 1892 tectum
940 1851 1054 1898 subit,

212 1927 251 1959 et
281 1932 380 1959 uoce
410 1932 551 1970 magna
580 1931 665 1958 sese
694 1917 850 1957 uenisse
880 1915 1037 1955 indicat.

213 1992 445 2036 procurrunt
475 1984 594 2035 pueri,
628 1985 831 2035 pulchram
863 1980 1085 2032 adspiciunt
1115 1979 1303 2030 uirginem

213 2058 252 2089 et
280 2049 543 2089 admirantur:
584 2050 730 2089 deinde
759 2048 924 2088 domino
954 2046 1146 2086 nuntiant.

215 2116 314 2153 inter
343 2116 497 2153 sodales
527 2115 590 2153 ille
620 2113 995 2164 paucos-accubans

214 2191 389 2219 amorem
420 2178 564 2219 crebris
594 2179 787 2218 auocabat
817 2176 978 2228 poculis.

1500 1146 1538 1169 10

1447 1442 1537 1504 ,15

1500 1797 1539 1819 20

1503 2121 1540 2152 25

259 2282 343 2315 XIV
360 2282 486 2323 (XVI).
513 2279 552 2314 H
574 2292 645 2322 119.
780 2280 818 2310 6*
844 2279 1029 2320 splendens
1046 2277 1247 2308 Housman:
1271 2274 1449 2316 splendida
1466 2273 1542 2313 NV,

207 2327 286 2367 sort.
306 2326 396 2358 ditiis
533 2336 571 2357 xo
594 2324 740 2365 praefert
757 2323 914 2354 Burman
931 2334 938 2353 ε
962 2321 1132 2362 ρτχεξεὺετ
1150 2320 1220 2350 NV

213 2369 382 2409 Jannelli:
407 2370 496 2401 ferre
514 2368 583 2399 NV
704 2378 741 2406 ¹3
767 2367 816 2397 sui
834 2365 1080 2407 Eyssenhardt:
1104 2375 1183 2395 suae
1200 2363 1269 2394 NV

1355 2329 1392 2349 12
1418 2317 1541 2349 referre

1396 2371 1431 2400 ¹7
1457 2359 1542 2400 parit

217 2413 371 2445 Mueller:
398 2417 492 2453 parat
503 2412 573 2443 NV
634 2411 692 2442 21*
718 2411 870 2451 proxime
883 2408 1040 2440 Cassitto:
1060 2407 1252 2448 proximum
1269 2406 1299 2437 V
1355 2416 1393 2443 24
1420 2403 1542 2436 deinde

221 2455 500 2489 V:....deN
