1747 2745
174 171 435 210 PHAEDRI
467 172 816 210 FABVLARVM

172 286 428 331 sanctamque
458 294 619 320 uxorem
650 281 915 321 dormientem
943 280 1071 333 <illum
1102 280 1251 333 prope),
1464 297 1506 329 30

172 345 300 396 sopita
329 346 457 397 primo
486 360 588 397 quae
618 346 672 385 nil
703 360 844 386 somno
875 354 1060 395 senserat,

172 414 478 462 repraesentauit
510 413 548 451 in
579 427 620 452 se
650 426 819 463 poenam
853 413 1045 461 facinoris,

172 483 210 515 et
239 477 341 515 ferro
371 477 549 516 incubuit
580 479 688 527 quod
719 479 930 516 credulitas
961 477 1177 517 strinxerat.

171 550 416 581 accusatores
447 545 694 593 postularunt
725 543 939 591 mulierem,

172 608 425 658 Romamque
453 616 720 659 pertraxerunt
749 609 799 647 ad
830 608 1108 648 centumuiros.
1466 624 1505 657 35

171 673 341 724 maligna
370 673 567 713 insontem
599 674 784 725 deprimit
814 674 997 724 suspicio,

171 740 280 790 quod
310 738 416 778 bona
445 739 656 791 possideat.
716 747 820 778 stant
850 739 1016 790 patroni,
1049 739 1198 780 sortiter

170 816 329 843 causam
360 811 515 844 tuentes
545 804 769 843 innocentis
800 804 978 844 feminae.

169 882 194 908 a
222 870 317 908 diuo
347 871 527 920 Augusto
557 877 639 908 tum
670 869 817 920 petiere
847 869 997 909 iudices

171 941 213 973 ut
241 934 446 974 adiuuaret
476 934 723 973 iurisiurandi
755 935 886 982 fidem,
1463 951 1505 983 40

171 1001 333 1051 quando
362 1000 468 1051 ipsos
498 1013 602 1039 error
632 999 889 1050 implicuisset
919 999 1103 1039 criminis.

171 1066 238 1116 qui
268 1073 478 1116 postquam
510 1066 691 1105 tenebras
723 1067 885 1116 dispulit
915 1067 1146 1113 calumniae,

171 1138 401 1182 certumque
431 1133 580 1170 fontem
611 1131 786 1170 ueritatis
817 1131 996 1182 repperit,

174 1198 319 1235 ‘Luat’
350 1196 477 1247 inquit
510 1200 680 1247 ‘poenas
711 1209 829 1235 causa
858 1197 1019 1235 libertus
1049 1195 1151 1235 mali.

171 1276 344 1314 namque
373 1263 511 1302 orbam
542 1270 635 1302 nato
665 1261 781 1301 simul
812 1269 850 1301 et
879 1261 1070 1313 priuatam
1101 1261 1186 1301 uiro
1462 1278 1504 1311 45

171 1328 434 1368 miserandam
466 1328 596 1379 potius
626 1341 746 1379 quam
777 1329 1045 1367 damnandam
1077 1327 1268 1367 existimo.

171 1395 313 1445 quodsi
344 1396 474 1434 delata
503 1401 766 1444 perscrutatus
796 1393 959 1432 crimina

170 1459 446 1510 paterfamilias
476 1467 588 1506 esset,
622 1458 651 1498 si
684 1460 935 1498 mendacium

171 1524 364 1565 subtiliter
393 1524 576 1572 limasset‚
609 1538 631 1563 a
661 1524 859 1563 radicibus

170 1604 251 1630 non
281 1590 484 1630 euertisset
515 1591 662 1629 scelere
691 1591 847 1629 funesto
877 1590 1074 1628 domurn'.
1464 1605 1505 1639 50

171 1669 262 1707 ergo
291 1655 532 1706 exploranda
561 1662 619 1694 est
649 1654 792 1693 ueritas
823 1656 990 1692 multum
1020 1654 1126 1705 prius
1487 1671 1504 1702 5

170 1735 290 1773 quam
319 1723 437 1760 stulta
465 1734 586 1772 praue
615 1720 762 1759 iudicet
792 1719 998 1759 sententia.
1484 1727 1504 1758 6

226 1788 291 1826 Nil
322 1794 480 1837 spernat
509 1785 623 1833 auris,
657 1799 731 1825 nec
761 1793 895 1824 tamen
923 1787 1057 1824 credat
1086 1785 1228 1833 statim,
1462 1802 1499 1833 51

172 1853 499 1904 quandoquidem
530 1860 568 1890 et
600 1850 653 1889 illi
684 1859 850 1902 peccant
880 1865 979 1901 quos
1009 1851 1172 1890 minime
1201 1859 1324 1902 putes,

171 1927 209 1958 et
238 1918 306 1970 qui
336 1932 417 1957 non
447 1926 614 1969 peccant
645 1918 912 1969 inpugnantur
941 1916 1152 1956 fraudibus.

213 2023 274 2063 30⁴-<
300 2022 391 2053 illum
416 2032 523 2062 prope
542 2021 668 2052 Rank:
693 2021 844 2053 cubiculo
866 2020 966 2052 PNV
1089 2030 1131 2060 31
1158 2020 1202 2051 nil
1221 2019 1307 2051 NV:
1331 2021 1412 2051 nihil
1428 2020 1504 2052 PR'

169 2069 211 2106 36
235 2076 356 2105 magna
389 2066 589 2096 insolentem
622 2065 693 2096 NV
849 2076 888 2105 37
914 2065 1066 2105 possidet
1097 2064 1184 2095 NV:
1222 2064 1364 2104 possidit
1394 2064 1506 2096 Have!

169 2121 211 2151 39
234 2111 429 2150 pontificem
450 2109 632 2140 maximum
652 2114 814 2149 rogarunt
838 2109 966 2140 iudices
984 2108 1055 2139 NV
1181 2108 1350 2148 petierunt
1367 2107 1507 2138 Mueller

169 2164 206 2193 41
236 2154 372 2193 quando
389 2153 476 2184 NV:
502 2154 589 2192 quod
609 2152 641 2182 P
704 2158 814 2184 terror
827 2152 919 2184 Nm.
936 2163 950 2183 1
1042 2162 1083 2190 42
1108 2152 1246 2191 dispulit
1263 2149 1351 2184 Pt'tlt.
1368 2162 1376 2182 ε
1400 2151 1503 2182 distu-

169 2198 208 2229 lit
225 2197 302 2228 PR‘
322 2197 419 2228 uetba
435 2197 592 2227 tenebras
610 2196 657 2227 ad
669 2201 866 2235 certumque
883 2207 948 2228 om.
963 2196 1000 2226 N
1107 2207 1147 2234 44
1173 2205 1273 2226 causa
1300 2194 1320 2226 l.
1347 2195 1422 2226 mali
1449 2195 1501 2226 P:

169 2241 338 2280 pessimus
355 2241 495 2271 libertus
513 2239 582 2269 NV
712 2250 752 2279 45
776 2239 873 2270 simul
891 2249 928 2270 ac
945 2239 1014 2269 NV
1143 2249 1183 2278 47
1209 2238 1317 2269 delata
1333 2237 1503 2278 Hoadlqy:

171 2284 318 2314 delatum
336 2284 417 2315 NV:
445 2284 634 2314 damnanda
654 2283 687 2313 P
700 2295 739 2314 cx
754 2285 796 2322 46
909 2288 1142 2322 perscrutatus
1159 2282 1207 2314 P:
1232 2282 1320 2312 bene
1335 2286 1503 2312 scrutatus

168 2327 240 2358 NV
334 2328 461 2358 crimen
479 2326 549 2356 NV
644 2328 685 2365 48
709 2326 955 2367 paterfamiliae
971 2326 1005 2356 P
1102 2326 1163 2364 49*
1189 2325 1342 2356 rimasset
1357 2324 1503 2366 Sclzoppe

171 2381 190 2410 5
216 2371 357 2401 multum
375 2371 423 2401 P:
449 2380 584 2409 semper
600 2370 669 2400 NV
763 2372 784 2400 6
808 2370 909 2401 stulte
929 2379 1033 2410 praua
1051 2368 1121 2400 NV
1134 2369 1290 2400 Burman
1389 2378 1428 2407 51
1455 2368 1501 2399 nil

170 2414 257 2445 NV:
281 2414 363 2445 nihil
381 2414 455 2445 PR'
546 2424 586 2453 52
612 2419 710 2454 putas
726 2414 795 2444 NV
