1747 2745
173 173 428 211 PHAEDRI
464 173 809 211 FABVLARVM

170 283 207 322 hi
238 284 453 334 speculum,
487 282 524 320 in
556 284 742 322 cathedra
772 281 905 321 matris
935 290 977 322 ut
1008 283 1180 334 positum
1211 284 1292 331 suit,

169 347 365 399 pueriliter
395 348 575 387 ludentes
606 348 704 386 forte
734 349 998 398 inspexerunt.

169 413 232 452 hic
262 427 302 452 se
334 414 547 452 formosum
578 412 721 460 iactat;
760 414 825 452 illa
854 413 1039 461 irascitur,

169 492 242 518 nec
271 478 470 529 gloriantis
500 478 666 517 sustinet
696 479 821 517 fratris
852 481 972 527 iocos,

168 543 365 594 accipiens
396 541 508 594 (quid
539 543 645 581 enim
659 542 694 594 Ρ)
723 544 935 582 cuncta'in
967 544 1260 583 contumeliam.

169 622 260 660 ergo
289 610 339 648 ad
371 617 519 659 patrem
550 609 721 647 decurrit
751 609 901 647 laesura
930 608 1114 657 inuicem,

170 686 390 723 magnaque
421 672 570 711 inuidia
599 672 827 710 criminatur
857 672 992 721 filium,

170 739 228 777 uir
258 747 371 777 natus
401 739 510 788 quod
541 751 621 776 rem
654 737 887 776 feminarum
919 738 1096 788 tetigerit.

169 805 372 854 amplexus
403 805 467 842 ille
497 811 708 853 utrumque
739 810 776 841 et
806 816 971 853 carpens
1000 805 1136 843 oscula

170 870 409 918 dulcemque
440 867 478 906 in
508 867 648 906 ambos
679 867 880 907 caritatem
910 868 1093 918 partiens,

173 934 375 974 ‘Cotidie'
406 934 531 985 inquit
565 935 749 984 ‘speculo
780 947 852 972 uos
882 933 935 972 uti
967 935 1071 981 uolo,

170 1007 210 1037 tu
242 1001 407 1037 formam
439 1012 488 1038 ne
517 1012 746 1049 corrumpas
776 998 976 1049 nequitiae
1006 999 1130 1047 malis,

171 1072 211 1103 tu
243 1063 380 1103 faciem
412 1072 453 1103 ut
485 1063 597 1103 istam
629 1063 804 1102 moribus
835 1063 970 1103 uineas
999 1063 1115 1104 bonis
1129 1065 1147 1104 '.

660 1200 719 1237 IX

419 1285 669 1318 SOCRATES
693 1285 759 1316 AD
784 1285 964 1318 AMICOS

172 1366 378 1403 VVLGARE
407 1363 521 1402 amici
554 1376 700 1402 nomen
731 1364 801 1402 sed
832 1376 915 1402 rara
945 1370 1003 1402 est
1034 1362 1143 1401 fides.

227 1430 330 1469 Cum
360 1442 500 1480 paruas
528 1430 647 1468 aedes
678 1428 752 1467 sibi
783 1429 986 1467 fundasset
1017 1429 1208 1476 Socrates,

172 1494 300 1546 (cuius
330 1509 410 1534 non
441 1494 547 1545 fugio
577 1502 743 1533 mortem
775 1493 807 1532 si
838 1495 983 1532 famam
1013 1494 1219 1544 adsequar,

173 1568 211 1600 et
240 1560 341 1599 cedo
371 1559 543 1599 inuidiae
574 1560 797 1598 dummodo
826 1559 1011 1597 absoluar
1041 1558 1157 1610 cinis)

173 1639 220 1664 ex
249 1626 397 1676 populo
427 1626 482 1664 sic
512 1624 736 1675 nescioquis
767 1632 810 1663 ut
841 1623 923 1663 fieri
955 1625 1078 1663 solet:

176 1692 358 1740 ‘Quaeso
387 1698 466 1729 tam
496 1698 714 1740 angustam,
749 1689 835 1728 talis
866 1688 935 1736 uir,
968 1688 1083 1739 ponis
1113 1689 1331 1729 domumP‘

176 1755 382 1796 ‘Vtinam'
412 1755 538 1806 inquit
573 1754 696 1794 ‘ueris
728 1756 829 1793 hanc
861 1753 997 1793 amicis
1029 1753 1264 1804 impleam!’

672 1888 709 1924 X

221 1976 372 2009 POETA
398 1975 457 2007 DE
483 1974 708 2006 CREDERE
735 1975 793 2006 ET
820 1974 920 2006 NON
946 1973 1172 2005 CREDERE

232 2057 527 2094 PERICVLOSVM
561 2061 618 2092 est
649 2054 808 2092 credere
841 2061 878 2092 et
909 2066 988 2090 non
1020 2052 1189 2090 credere.

1467 689 1505 711 10

220 2169 239 2198 4
264 2158 297 2189 hi
315 2157 527 2190 Salmasius:
554 2157 607 2188 his
628 2156 704 2187 PR'
721 2168 728 2187 ε
753 2167 818 2187 om.
838 2155 908 2186 NV
971 2159 1004 2184 ut
1024 2154 1172 2193 positum
1189 2153 1275 2183 NV:
1300 2153 1511 2193 suppositum

176 2202 223 2234 P:
248 2202 340 2241 subp.
361 2200 403 2231 R'
533 2211 550 2240 7
579 2202 692 2232 fratris
709 2201 854 2231 sustinet
870 2198 940 2229 NV
1066 2198 1086 2227 8
1110 2198 1190 2236 quid
1213 2197 1245 2227 ni
1263 2196 1512 2228 Ritlershausen

175 2257 196 2287 9
220 2246 364 2277 inuicem
379 2244 426 2277 P:
449 2245 607 2276 iuuenem
622 2244 693 2275 NV
758 2246 814 2274 10*
839 2253 918 2282 -que
933 2240 981 2272 V:
1001 2240 1131 2280 quaeP
1195 2240 1302 2271 filium
1315 2245 1510 2281 suspectum,

168 2291 248 2330 fort.
268 2289 429 2329 pupulum
518 2300 551 2319 11
579 2299 645 2319 om.
668 2287 738 2318 NV
814 2296 852 2317 12
878 2286 933 2316 ille
951 2284 1128 2324 amplexus
1144 2283 1214 2315 NV
1290 2294 1328 2323 14
1354 2285 1512 2316 continue

176 2333 244 2364 NV
329 2333 477 2373 speculis
495 2331 564 2362 NV

223 2377 283 2409 IX.
309 2374 348 2407 H
364 2388 414 2417 53.
466 2376 609 2407 Carmen
624 2376 657 2405 in
670 2374 771 2414 elegos
783 2374 943 2404 conuertit
954 2371 1106 2402 Perottus
1165 2380 1184 2409 5
1209 2382 1251 2402 ex
1263 2371 1351 2402 Pitlz.
1370 2383 1376 2402 :
1397 2377 1449 2402 est
1461 2371 1494 2402 P

223 2421 265 2453 X.
291 2418 330 2451 H
343 2431 394 2460 54.
437 2420 547 2450 Habet
556 2419 707 2449 Perottus
719 2428 794 2448 cnm
809 2416 903 2448 tilulo
917 2426 959 2446 DE
975 2425 1054 2446 FIDE
1069 2424 1139 2446 NON
1153 2424 1362 2446 ADH1BENDA
1375 2424 1514 2446 TEMERE

181 2475 219 2496 ET
236 2474 447 2495 ADHIBENDA
465 2472 649 2494 OPORTVNE
