1747 2745
879 192 1046 230 LIBER
1078 192 1325 239 QVINTVS
1356 189 1527 228 VI-vn

203 301 419 352 necopinus
449 309 487 340 et
517 301 709 339 sinistram
742 301 851 350 fregit
882 300 1028 346 tibiam,

201 368 298 406 duas
329 380 419 405 curn
449 368 602 406 dextras
634 366 832 404 maluisset
864 367 1036 416 perdere.

203 442 302 471 inter
332 445 469 471 manus
500 433 674 470 sublatus
705 441 741 470 et
774 433 939 469 multum
970 444 1130 481 gemens
1491 445 1530 466 10

202 499 365 537 domum
398 498 567 536 refertur.
626 497 775 546 aliquot
807 509 960 534 menses
992 503 1203 541 transeunt,

201 564 250 601 ad
281 563 485 601 sanitatem
518 563 612 600 dum
645 561 751 600 uenit
781 561 940 600 curatio.

203 637 243 666 ut
272 636 535 679 spectatorum
568 628 684 665 molle
715 635 772 665 est
803 634 841 665 et
871 626 1046 676 lepidum
1077 639 1209 676 genus,

201 691 412 732 desiderari
443 691 583 742 coepit,
617 690 727 729 cuius
759 691 914 730 flatibus

202 757 352 797 solebat
381 756 537 795 excitari
568 757 743 795 saltantis
773 756 894 806 uigor.
1496 771 1530 801 ¹5

201 830 282 861 erat
312 822 482 861 facturus
513 822 628 861 ludos
658 822 819 871 quidam
852 820 1005 868 nobilis,

202 888 243 935 is,
275 895 317 926 ut
347 886 560 937 incipiebat
592 886 779 937 Princeps
809 887 860 925 ad
891 886 1075 925 baculum
1109 885 1270 936 ingredi,

203 951 380 1003 perducit
411 952 536 1002 pretio
566 951 748 1002 precibus
778 960 819 989 ut
851 951 1130 990 tantummodo

202 1017 288 1069 ipso
318 1019 500 1057 ludorum
531 1018 757 1056 ostenderet
787 1029 871 1055 sese
901 1015 977 1055 die.

202 1084 268 1133 qui
299 1083 414 1122 simul
443 1082 617 1129 aduenit,
650 1095 782 1120 rumor
812 1082 862 1120 de
892 1081 1052 1120 tibicine
1494 1098 1530 1118 20

203 1147 330 1186 fremit
360 1148 398 1185 in
430 1148 605 1186 theatro:
648 1146 809 1196 quidam
841 1147 1051 1185 adfirmant
1082 1155 1290 1192 mortuum,

203 1211 363 1262 quidam
396 1211 433 1249 in
465 1220 722 1261 conspectum
755 1210 1000 1261 proditurum
1031 1210 1114 1249 sine
1144 1223 1261 1249 mora.

203 1277 340 1316 aulaeo
369 1276 501 1323 misso,
534 1276 732 1315 deuolutis
763 1276 997 1323 tonitrubus,

203 1340 242 1380 di
273 1349 363 1380 sunt
393 1341 514 1380 locuti
546 1354 654 1380 more
684 1340 933 1380 translaticio.

203 1415 296 1446 tunc
326 1407 469 1446 chorus
502 1406 677 1457 ignotum
711 1408 832 1446 modo
862 1407 1025 1446 reducto
1054 1406 1251 1446 canticum
1496 1423 1531 1444 a:

204 1471 389 1520 insonuit,
422 1473 532 1511 cuius
565 1474 662 1512 haec
693 1472 762 1511 suit
792 1472 985 1512 sententia

206 1549 395 1577 LAETARE
427 1550 654 1578 mcocvms
688 1551 803 1577 ROMA
834 1550 961 1577 SALvo
991 1549 1199 1577 PR1NC1P1-2.

205 1605 242 1642 in
274 1605 433 1654 plausus
464 1614 758 1644 consurrectum
790 1613 858 1644 est.
919 1606 1034 1643 iactat
1065 1604 1174 1643 basia

205 1669 375 1709 tibicen:
415 1672 597 1721 gratulari
630 1672 798 1710 fautores
828 1678 948 1722 putat.

204 1743 385 1786 equester
415 1738 513 1776 ordo
543 1737 704 1775 stultum
736 1750 904 1775 errorem
936 1736 1134 1786 intellegit,
1494 1751 1534 1779 30

205 1815 428 1853 magnoque
459 1802 533 1841 risu
565 1801 761 1840 canticum
794 1800 915 1852 repeti
945 1800 1066 1840 iubet.

205 1867 364 1907 iteratur
394 1869 501 1907 illud.
562 1869 683 1907 homo
715 1881 824 1906 rneus
855 1880 896 1906 se
926 1866 964 1904 in
995 1866 1148 1917 pulpito

205 1939 331 1972 totum
363 1934 582 1985 prosternit.
641 1934 791 1984 plaudit
821 1932 1004 1971 inludens
1034 1944 1178 1982 eques:

206 2010 339 2049 rogare
370 2001 538 2050 populus
569 2001 674 2038 hunc
705 2000 827 2038 choro
856 1999 1014 2036 ueniam
1044 1996 1233 2035 aestimat.

249 2104 270 2133 8
295 2104 481 2145 necopinus
514 2110 546 2135 et
577 2103 725 2135 Nevelel:
765 2113 826 2133 nec
859 2102 937 2142 opia
970 2102 1028 2132 sed
1062 2099 1136 2130 PR'
1280 2110 1313 2130 11
1341 2098 1475 2138 aliquod
1507 2099 1540 2130 P

208 2152 386 2178 transeunt
417 2147 529 2179 Pium:
564 2153 718 2178 transent
749 2147 782 2177 P
914 2155 951 2184 ¹3
976 2144 1110 2175 mollcst
1138 2143 1293 2174 Mueller:
1328 2153 1400 2174 mos
1427 2147 1479 2173 est
1509 2142 1540 2173 I'

206 2192 268 2229 17*
293 2190 321 2222 is
338 2190 414 2222 add.
435 2190 545 2221 Have!
561 2191 640 2221 olim
658 2203 664 2221 :
688 2201 755 2222 om.
775 2189 848 2220 PR'
961 2194 998 2219 ut
1016 2188 1173 2218 Burman
1189 2198 1196 2218 ε
1221 2192 1254 2218 et
1271 2191 1306 2218 ut
1322 2184 1477 2226 Bentley:
1502 2191 1535 2216 et

208 2232 283 2264 PR'
350 2234 391 2264 ad
410 2225 566 2265 baculum
583 2234 716 2274 scripsi:
747 2233 866 2264 abduci
884 2242 977 2264 reum
996 2230 1070 2263 PR'
1149 2231 1206 2262 18*
1230 2230 1385 2270 perducit
1401 2230 1535 2270 scripsi:

208 2287 227 2306 a
244 2286 281 2307 se
299 2277 432 2308 reducit
448 2277 522 2308 PR'
538 2289 546 2309 ε
570 2277 706 2308 adducit
723 2276 937 2308 Salmasius:
963 2275 1091 2306 inducit
1104 2274 1284 2306 Heinsius:
1309 2274 1337 2304 is
1353 2273 1433 2304 uicit
1450 2283 1538 2303 nunc

208 2318 320 2351 Have!
380 2327 383 2329 ’
448 2329 486 2350 2¹
515 2320 623 2352 fremit
646 2321 758 2351 P1·tl1.:
783 2320 901 2351 fremet
917 2319 952 2350 P
1080 2329 1120 2356 24
1144 2318 1189 2348 dii
1206 2317 1241 2349 P
1369 2327 1410 2356 25
1434 2317 1535 2347 modo

209 2363 350 2394 reducto
369 2363 482 2395 Gude:
507 2374 599 2395 more
618 2364 720 2394 ducto
737 2364 771 2394 P
856 2362 915 2393 26*
939 2362 1090 2394 insonuit
1103 2361 1321 2392 Freinsheim:
1344 2360 1490 2400 inposuit
1506 2359 1540 2390 P

208 2417 251 2446 29
275 2412 395 2447 putans
416 2406 630 2447 thrlch.s0rt.
650 2411 725 2438 recle
827 2417 869 2446 34
895 2406 998 2438 choro
1018 2405 1151 2436 ueniam
1168 2405 1292 2436 Havet:
1319 2413 1475 2435 coronam
1494 2402 1534 2440 P,

208 2461 272 2490 quo
287 2455 420 2481 seruato
442 2451 608 2481 existimat
628 2451 714 2482 ΡιἸΙι.
739 2450 830 2490 uulg.
942 2450 1076 2480 estimat
1094 2448 1136 2478 R'
1153 2447 1281 2479 Ilm-ct:
1307 2448 1439 2478 estimat
1456 2447 1490 2478 P
