1747 2745
225 171 733 210 PHAEDRIANARVM
767 170 1113 208 FABVLARVM

708 314 744 350 X

384 410 621 443 IVVENCVS
643 410 709 441 ET
729 409 825 440 BOS
851 408 1065 441 VETVLVS

368 491 545 535 Quomodo
564 495 731 525 domanda
749 494 791 524 sit
810 493 905 524 scrox
923 493 1078 524 iuuentus

280 585 621 620 PATERFAMlLIAs
653 593 816 618 saeuum
845 579 1016 618 habebat
1048 578 1181 617 filium.

225 648 299 695 hic,
331 661 353 686 e
383 653 599 696 conspectu
629 658 719 682 cum
750 642 868 695 patris
900 652 1120 690 recesserat,

224 711 455 751 uerberibus
486 724 620 750 seruos
649 708 845 748 afficiebat
874 708 1061 759 plurimis,

224 784 263 816 et
291 777 499 816 exercebat
528 775 721 815 feruidam
749 773 1070 813 adulescentiam.

227 845 408 893 Aesopus
439 854 530 892 ergo
561 847 687 879 narrat
716 840 794 879 hoc
822 838 994 878 breuiter
1022 840 1130 878 seni:
1542 852 1559 884 5

227 907 428 958 ‘Quidam
457 908 628 946 iuuenco
657 906 836 945 uetulum
865 904 1106 955 adiungebat
1135 904 1292 943 bouem.

225 974 256 1013 is
285 987 379 1013 cum
409 972 604 1024 refugiens
635 970 773 1023 impari
803 971 906 1010 collo
935 969 1070 1021 iugum

224 1041 364 1079 aetatis
393 1046 595 1078 excusaret
624 1037 727 1077 uires
756 1036 972 1088 languidas,

228 1107 361 1145 “Non
390 1114 450 1145 est
480 1105 589 1156 quod
620 1103 758 1142 timeas
773 1104 791 1121 '’
823 1101 950 1153 inquit
981 1101 1034 1140 illi
1064 1100 1230 1140 rusticus

229 1174 347 1211 “non
376 1178 419 1210 ut
448 1171 603 1210 labores
633 1168 753 1215 iunxi,
784 1169 856 1207 sed
885 1176 927 1206 ut
958 1168 1074 1206 istum
1104 1167 1255 1214 domes,
1525 1179 1563 1201 10

229 1237 296 1289 qui
328 1239 436 1276 calce
466 1244 505 1276 et
534 1249 658 1275 cornu
688 1235 834 1273 multos
864 1234 993 1272 reddit
1023 1232 1173 1272 debiles
1188 1232 1217 1271 ’'.

227 1311 265 1343 et
296 1310 338 1342 tu
368 1301 443 1342 nisi
473 1301 591 1341 istum
623 1308 755 1339 tecum
784 1299 942 1337 assidue
971 1297 1135 1344 detines,

227 1369 392 1419 eiusque
422 1366 624 1418 ingenium
655 1362 883 1414 comprimis
913 1363 1132 1409 clementia,

228 1433 320 1473 uide
349 1445 401 1472 ne
430 1433 605 1483 querella
634 1429 759 1468 maior
789 1434 985 1467 accrescat
1015 1428 1157 1467 domus
1171 1429 1190 1465 ’.

283 1497 490 1538 Atrocitati
521 1495 787 1536 mansuetudo
818 1501 876 1533 est
907 1492 1137 1533 remedium.
1526 1506 1564 1541 15

716 1651 776 1689 XI

356 1751 575 1785 AESOPVS
599 1750 666 1781 ET
690 1748 865 1780 VICTOR
892 1746 1134 1779 GYMNICVS

338 1839 516 1878 Quomodo
534 1835 773 1876 comprimatur
793 1833 975 1874 aliquando
994 1832 1150 1864 iactantia

284 1926 510 1963 VrcTOREM
542 1924 640 1961 forte
670 1920 842 1972 gymnici
875 1919 1097 1959 certaminis

232 1989 501 2028 iactantiorem
533 1989 662 2038 Phryx
692 1999 784 2025 cum
816 1985 979 2024 uidisset
1010 1986 1169 2035 sophus,

232 2053 494 2106 interrogauit,
526 2067 577 2092 an
607 2054 694 2103 plus
726 2052 971 2090 aduersarius

276 2159 308 2190 X
327 2159 437 2199 (XII).
463 2157 501 2190 H
523 2170 593 2200 115,
612 2156 677 2190 Th
695 2160 724 2189 6⁴
817 2160 838 2189 6
858 2164 919 2199 pro
935 2158 1083 2189 uetulum
1102 2181 1108 2189 .
1129 2181 1135 2189 .
1156 2181 1163 2189 .
1183 2158 1305 2189 bouem
1324 2157 1569 2199 paraphrastae

234 2203 295 2234 Ro.
308 2202 403 2234 Wz'ss.
424 2203 563 2235 uitulum
576 2228 583 2236 .
601 2228 607 2235 .
626 2226 633 2234 .
649 2202 726 2233 boui
740 2202 884 2243 legerant
893 2201 979 2233 unde
995 2202 1042 2233 ad
1054 2202 1175 2232 bouem
1192 2201 1327 2233 accreuit
1340 2201 1434 2243 apud
1439 2201 1567 2233 eosdem

233 2252 363 2278 maturo
382 2247 434 2277 uel
448 2248 568 2279 maiori
587 2246 766 2287 corruptela
854 2255 890 2276 11
918 2245 1030 2276 reddit
1045 2245 1102 2276 N:
1125 2244 1240 2276 reddis
1261 2244 1292 2274 V
1371 2255 1410 2277 12
1434 2244 1568 2276 detines

235 2290 373 2322 Casst'tto
390 2303 397 2322 ε
423 2292 550 2323 retines
568 2289 639 2322 NV
729 2300 767 2326 ¹4
792 2289 892 2319 domu
912 2287 1056 2326 Mueller,
1065 2289 1139 2325 fort.
1159 2287 1330 2328 querellae
1349 2313 1356 2319 .
1375 2313 1381 2319 .
1401 2312 1408 2320 .
1426 2289 1547 2319 modus

276 2334 325 2365 XI
347 2335 475 2373 (XIII).
502 2331 542 2365 H
556 2335 626 2364 116.
716 2342 729 2362 1
756 2333 926 2363 Victorem
941 2331 1201 2370 forteJamtelli:
1229 2332 1312 2362 forte
1326 2332 1487 2363 uictorem
1503 2330 1572 2361 NV

233 2389 252 2408 2
277 2378 393 2419 Phryx
405 2382 479 2409 ante
493 2388 567 2409 cum
580 2376 656 2408 add.
669 2375 789 2415 Havet,
802 2379 878 2416 post
887 2374 1187 2412 uidissetJannelli
1257 2375 1384 2414 sophus
1397 2375 1568 2413 Jannelli:

233 2421 392 2463 Aesopus
407 2421 478 2452 NV
634 2431 654 2459 3
678 2429 719 2449 an
738 2420 813 2459 plus
827 2418 995 2457 Jannelli:
1020 2417 1163 2457 amplius
1180 2429 1222 2448 ne
1239 2418 1293 2448 N:
1317 2418 1506 2458 ampliusne
1528 2417 1564 2457 V,

234 2466 335 2497 inlato
354 2476 396 2496 ne
415 2476 453 2495 cx
469 2476 500 2496 u.
521 2476 539 2503 4
