1747 2745
677 135 998 174 PRAEFATIO

171 249 208 282 et
229 255 349 293 praua
368 242 595 291 abi-ecimus,
620 243 658 282 in
681 244 820 283 mediis
842 246 904 283 uel
925 243 1056 284 dubiis
1085 245 1263 284 obsecuti
1292 244 1496 285 codicibus

171 315 207 348 et
228 309 494 359 aequabilitati
523 309 719 348 scribendi
748 309 786 348 in
818 317 969 348 tantum
993 311 1195 350 studentes
1219 318 1259 349 ut
1280 318 1385 350 certa
1405 310 1499 350 anti-

170 373 328 423 quitatis
358 388 408 413 ne
437 375 776 414 absconderentur
806 375 981 426 uestigia.

225 441 432 479 Hactenus
464 441 515 480 de
547 440 686 479 fabulis
719 439 825 491 ipsis.
883 448 1092 492 praecepta
1122 453 1216 480 uero
1241 440 1325 480 siue
1351 440 1501 480 monita

170 518 281 555 quae,
307 513 421 556 prout
449 506 589 545 fabulis
618 506 830 556 praemissa
856 514 923 544 aut
948 505 1125 545 subiecta
1153 513 1254 553 sunt,
1278 505 1501 556 promythia

169 579 235 610 aut
257 570 471 622 epimythia
495 573 623 610 solent
643 571 842 622 adpellari,
866 571 1005 622 partim
1027 572 1077 610 ab
1099 572 1186 622 ipso
1209 572 1390 610 Phaedro
1412 584 1500 621 pro-

169 637 270 675 fecta
298 644 399 684 sunt,
426 636 564 687 partim
592 637 641 676 ab
663 637 746 675 aliis
773 636 807 675 ei
834 636 993 687 ingesta.
1053 643 1260 687 utramque
1288 650 1369 676 rern
1397 635 1500 675 binis

170 700 357 752 exemplis
378 702 660 753 comprobabo.
711 702 863 753 scripsit
882 703 1082 741 Phaedrus
1101 704 1170 741 IV.
1186 716 1219 741 v.
1243 716 1273 749 1,
1295 716 1328 750 2,
1348 701 1500 752 scripsit

171 768 239 805 IV.
263 767 311 805 vi.
340 781 493 817 11-13;
524 769 593 806 IV.
616 768 713 806 xxiv.
740 781 755 805 1
784 775 822 806 et
851 769 928 806 ΙΙΙ,
953 767 1024 806 xix.
1053 782 1110 818 19,
1143 782 1192 805 20
1224 780 1302 806 non
1334 766 1499 816 scripsit.

169 832 220 870 de
250 831 387 871 ceteris
422 833 460 870 in
492 834 719 872 uniuersum
750 832 846 870 nihil
877 833 953 871 hoc
988 840 1165 883 ternpore
1201 832 1241 871 in
1275 834 1408 871 animo
1443 840 1500 871 est

169 899 376 937 adfirmare
391 913 401 946 ;
431 898 604 949 singulos
629 897 758 948 potius
780 899 1064 948 expendendos
1086 911 1171 937 esse
1192 899 1297 937 duco
1318 898 1500 937 liberum-

170 976 247 1014 que
280 965 329 1003 de
356 964 410 1003 eis
435 963 625 1003 iudicium
656 962 876 1014 legentibus
906 963 1242 1014 permittendum3
1277 965 1353 1003 hoc
1378 976 1501 1002 unum

170 1028 323 1067 subicio
344 1028 567 1067 Bentleium
593 1028 632 1067 in
653 1028 756 1067 notis
783 1041 884 1078 quae
913 1029 953 1066 in
982 1028 1156 1079 margine
1179 1030 1347 1068 Phaedri
1375 1041 1501 1068 exem-

170 1093 285 1144 plaris
319 1095 540 1144 adscriptae
579 1089 798 1132 in'Museo
832 1093 1062 1133 Britannico
1095 1095 1354 1133 adseruantur
1387 1093 1501 1144 primi

170 1158 259 1197 libri
310 1160 531 1209 promythia
577 1172 600 1197 a
644 1159 825 1198 Phaedro
876 1158 1126 1198 abiudicasse
1181 1172 1307 1210 paene
1357 1159 1501 1198 omnia.

171 1223 354 1262 nimirum
390 1225 535 1263 insulsa
573 1238 617 1263 ea
653 1237 737 1263 esse
772 1224 949 1271 credidit,
983 1223 1140 1262 infirmo
1177 1225 1422 1264 mehercules
1462 1223 1501 1262 in

171 1289 295 1340 poetis
321 1296 552 1340 argumento
583 1288 726 1340 quibus
757 1289 807 1337 di,
832 1290 921 1328 licet
946 1303 1026 1328 non
1055 1290 1322 1330 concesserint
1352 1289 1502 1330 medio-

174 1354 364 1404 critatem,
387 1354 644 1394 insulsitatem
667 1363 771 1394 certe
791 1368 1033 1394 concessere.

226 1422 288 1459 De
327 1420 447 1459 titulis
483 1421 703 1459 fabularum
738 1420 835 1459 nihil
869 1429 926 1459 est
962 1422 1070 1472 quod
1106 1421 1290 1470 dubites,
1329 1421 1446 1461 alieni
1480 1435 1503 1460 a

173 1487 352 1526 Phaedro
372 1499 510 1525 omnes
532 1494 580 1534 et,
603 1487 712 1536 quod
733 1485 1045 1537 inspectantibus
1067 1488 1265 1537 extemplo
1285 1486 1500 1538 apparebit,

172 1564 218 1590 ex
240 1552 359 1602 ipsius
381 1552 510 1591 uerbis
532 1552 701 1591 conficti.
762 1565 835 1591 nec
857 1551 932 1591 nisi
954 1566 1040 1592 sero
1065 1553 1103 1591 in
1125 1553 1245 1592 libros
1268 1553 1377 1593 inlati
1398 1561 1501 1593 sunt.

170 1617 267 1657 alios
288 1618 392 1657 enim
415 1619 667 1664 Psthoeanus,
685 1617 783 1657 alios
804 1619 942 1657 schida
963 1618 1121 1658 exhibet
1144 1626 1182 1658 et
1204 1620 1312 1670 quod
1328 1620 1379 1659 ad
1400 1620 1502 1657 hanc

172 1684 336 1737 quidem
370 1684 509 1723 attinet
544 1683 684 1734 partim
719 1685 808 1722 loco
840 1697 919 1723 non
955 1697 1037 1731 suo,
1073 1683 1213 1734 partim
1248 1684 1288 1722 in
1329 1684 1502 1735 margine

171 1751 397 1801 adscriptos.
458 1762 560 1799 quae
598 1762 688 1787 curn
728 1749 781 1787 ita
825 1749 912 1797 sint,
953 1749 1087 1788 titulos
1128 1749 1334 1789 Pithoeani
1373 1763 1503 1800 neque

172 1817 327 1857 abicere
358 1815 476 1862 uolui,
509 1815 721 1854 commoda
751 1815 856 1853 enirn
888 1814 979 1853 talia
1008 1815 1240 1866 legentibus,
1267 1828 1406 1866 neque,
1429 1814 1502 1853 nisi

173 1884 256 1934 ipsa
314 1894 372 1920 res
421 1879 683 1931 flagitauisset‚
727 1881 950 1920 emendare.
995 1882 1220 1920 'immutata
1272 1889 1310 1920 et
1358 1888 1503 1920 nouata

175 1947 309 1987 litteris
332 1945 526 1985 inclinatis
557 1945 703 1984 notaui.
764 1947 933 1985 eandem
965 1947 1003 1984 in
1036 1940 1271 1997 Appendice
1304 1946 1503 1985 Perottina

174 2015 365 2053 rationem
404 2018 561 2050 secutus
601 2025 688 2050 sum
727 2011 800 2050 nisi
849 2012 958 2062 quod
993 2011 1115 2050 titulis
1155 2011 1302 2051 Perotti
1342 2010 1502 2050 minoris

173 2080 320 2119 formae
352 2077 496 2117 litteras
527 2077 749 2116 adtributae
780 2084 883 2116 sunt.
942 2077 1068 2116 Nouis
1101 2077 1260 2116 Fabulis
1291 2077 1424 2116 titulos
1453 2077 1503 2115 de

174 2158 263 2184 meo
283 2142 432 2182 addidi.

230 2211 276 2248 In
307 2206 511 2247 codicibus
536 2207 703 2246 citandis
732 2208 771 2247 id
795 2207 945 2258 egimus
972 2208 1221 2258 potissimum
1243 2213 1284 2246 ut
1311 2206 1438 2258 primo
1459 2219 1503 2245 ea

174 2287 274 2326 quae
313 2273 352 2311 in
392 2280 577 2312 contextu
617 2280 720 2311 stent
758 2273 902 2323 quibus
941 2273 981 2311 in
1020 2272 1287 2312 fundamentis
1331 2272 1504 2311 nitantur

174 2339 347 2380 dilucide
376 2346 572 2390 appareat,
602 2338 748 2378 deinde
780 2347 821 2378 ut
851 2340 1092 2390 singulorum
1124 2339 1307 2378 codicum
1335 2337 1503 2389 proprie-

810 2419 871 2443 xw
