1747 2745
883 174 1047 210 LIBER
1084 175 1288 214 PRIMVS
1322 176 1459 214 11-111

134 279 232 317 sorte
262 291 341 316 una
370 279 486 318 tacite
516 281 660 330 profert
690 295 711 320 e
741 291 880 332 stagno
909 292 1039 332 caput,

132 350 172 383 et
200 344 402 393 explorato
432 357 520 395 rege
549 355 712 384 cunctas
741 355 892 386 euocat.

133 407 221 446 illae
249 408 389 446 timore
418 408 548 458 posito
577 411 753 449 certatim
784 413 986 460 adnatant,

132 473 362 524 lignumque
391 485 507 523 supra
537 475 650 514 turba
680 477 859 526 petulans
891 476 1019 514 insilit.
1423 493 1464 517 20

131 538 242 589 quod
270 550 361 576 cum
391 536 665 588 inquinassent
694 540 803 579 omni
834 541 1082 590 contumelia,

131 603 251 641 aliurn
281 610 462 653 rogantes
493 616 621 654 regern
655 605 793 645 misere
821 607 872 645 ad
904 607 1055 651 Iouem,

133 667 278 707 inutilis
307 667 496 719 quoniam
527 677 629 708 esset
659 670 726 720 qui
758 672 880 710 fuerat
909 673 1037 711 datus.

131 740 215 772 tum
246 734 351 772 misit
380 732 454 772 illis
486 735 666 784 hydrum,
698 735 765 786 qui
795 737 914 775 dente
943 750 1083 787 aspero

131 797 325 849 corripere
354 797 485 849 coepit
515 799 697 850 singulas.
755 801 893 839 frustra
923 814 1062 840 necem
1425 820 1462 850 25

133 863 298 914 fugitant
327 863 495 913 inertes;
533 878 674 904 uocem
706 866 923 917 praecludit
954 875 1092 906 metus.

133 928 263 968 furtim
295 928 411 979 igitur
439 930 535 969 dant
567 932 766 970 Mercurio
797 933 982 971 mandata
1012 933 1061 970 ad
1096 933 1244 979 Iouem,

131 994 300 1034 adflictis
329 1002 371 1033 ut
402 1003 612 1035 succurrat.
673 1005 767 1036 tunc
797 1005 933 1036 contra
962 999 1125 1036 Tonans

135 1059 277 1110 “Quia
306 1060 486 1100 noluistis
517 1069 687 1101 uestrum
719 1064 849 1102 serre''
879 1062 1006 1114 inquit
1038 1063 1234 1109 “bonum,

134 1126 280 1164 malum
311 1126 476 1175 perferte
489 1127 519 1165 '’.
578 1140 650 1166 uos
679 1141 850 1178 quoque,
882 1141 906 1167 o
935 1127 1068 1175 ciues‚'
1096 1127 1149 1167 ait
1425 1142 1466 1172 30

137 1190 235 1229 ‘hoc
265 1189 464 1238 sustinete,
499 1192 624 1231 maius
655 1205 705 1232 ne
734 1193 891 1240 ueniat,
911 1193 1058 1231 malum
1073 1194 1092 1231 ’.

675 1354 741 1392 III

333 1447 592 1480 GRAGVLVS
615 1447 858 1480 SVPERBVS
883 1448 940 1479 ET
967 1447 1091 1479 PAVO

189 1535 255 1572 NE
283 1533 438 1584 gloriari
469 1533 588 1573 libeat
616 1532 754 1572 alienis
783 1532 911 1580 bonis,

134 1611 288 1650 suoque
316 1598 448 1649 potius
477 1598 614 1638 habitu
644 1597 766 1636 uitam
797 1598 953 1648 degere,

135 1661 316 1715 Aesopu's
347 1662 462 1703 nobis
492 1664 569 1702 hoc
597 1664 822 1714 exemplum
851 1662 1036 1712 prodidit.

189 1730 367 1768 Tumens
397 1728 503 1768 inani
532 1729 713 1780 gragulus
743 1727 927 1778 superbia

136 1793 287 1845 pinnas,
320 1794 465 1845 pauoni
497 1807 598 1845 quae
627 1793 866 1840 deciderant,
899 1793 1065 1840 sustulit,
1449 1810 1466 1841 5

136 1871 257 1911 seque
286 1858 499 1898 exornauit.
558 1858 714 1906 deinde,
747 1866 1007 1897 contemnens
1037 1872 1128 1897 suos

137 1925 332 1964 immiscet
361 1938 402 1964 se
433 1933 474 1963 ut
505 1932 706 1975 pauonum
738 1924 911 1962 formoso
939 1924 1056 1975 gregi,

137 1990 192 2030 illi
221 1989 441 2042 impudenti
472 1991 612 2041 pinnas
645 1988 813 2040 eripiunt
842 1988 918 2035 aui,

185 2111 225 2142 19
248 2100 326 2132 illae
348 2099 457 2132 Pam:
494 2099 547 2130 ille
570 2098 603 2130 P
616 2110 624 2138 ;
649 2098 727 2129 talia
750 2099 831 2129 alibi
849 2099 1065 2138 praeterimus
1088 2098 1154 2128 m’si
1181 2099 1240 2130 uhi
1269 2097 1366 2128 uerba
1397 2109 1468 2128 con-

129 2144 330 2186 fundantur
338 2143 470 2175 diuersa
543 2154 585 2174 20
600 2152 701 2183 supra
714 2141 782 2172 Ad.
798 2141 886 2173 Pith.
904 2154 911 2172 :
927 2152 1031 2181 super
1042 2141 1117 2172 PR‘
1133 2152 1140 2172 :
1157 2151 1327 2181 superque
1339 2141 1466 2180 lignum

138 2188 234 2220 Riese
376 2188 436 2218 28*
460 2187 597 2218 Tonans
619 2188 753 2227 scripsi:
786 2186 868 2216 deus
885 2184 935 2215 P:
966 2184 1116 2225 Iuppiter
1137 2185 1190 2216 uel
1212 2185 1395 2216 altitonans
1422 2186 1472 2215 uel

139 2232 294 2272 luppiter
308 2230 470 2262 intonans
487 2230 734 2270 Parapltrastae
822 2239 864 2267 30
886 2239 906 2259 ο
924 2239 989 2261 om.
1009 2228 1049 2266 P,
1068 2227 1144 2259 add.
1163 2227 1411 2259 Rittershausen

183 2274 246 2307 111.
271 2271 351 2314 H4‚
367 2271 431 2305 Th
441 2283 492 2313 45.
562 2284 581 2304 2
604 2283 670 2313 que
683 2271 734 2302 P:
758 2273 839 2312 quin
854 2271 918 2303 Ad.
935 2285 940 2303 ;
965 2283 1031 2311 que
1045 2277 1080 2302 ut
1093 2271 1222 2302 Havet:
1245 2272 1284 2310 cf.
1304 2272 1360 2302 lv.
1380 2271 1469 2303 xviii.

138 2328 178 2358 31
195 2322 225 2350 et
240 2317 319 2350 adn.
427 2328 448 2357 4
472 2317 629 2357 gragulus
640 2317 685 2347 ita
698 2315 798 2347 PAd.
815 2315 925 2346 Havet
1026 2325 1045 2354 5
1071 2325 1201 2355 pennas
1218 2314 1251 2344 P
1264 2319 1302 2346 ut
1311 2315 1387 2346 alibi
1402 2326 1409 2345 τ
1433 2316 1469 2354 cs.

139 2362 208 2393 xiii.
225 2363 248 2393 6
335 2362 357 2392 6
379 2371 485 2402 seque
498 2371 543 2392 ex
557 2361 635 2391 inde
647 2360 783 2390 ornauit
795 2359 863 2390 Ad.
879 2369 886 2389 t
913 2358 1000 2389 unde
1011 2359 1091 2389 exin
1102 2364 1165 2399 pro
1177 2358 1300 2389 deinde
1322 2357 1449 2388 Gruner
1465 2370 1471 2388 t

139 2406 219 2437 inde
230 2404 388 2437 Burman
465 2404 503 2444 7*
528 2403 696 2435 immiscet
708 2413 755 2443 se,
769 2402 858 2444 quod
868 2401 1047 2443 Mara‘lius,
1057 2406 1087 2434 et
1098 2408 1133 2434 ut
1144 2403 1254 2444 scripsi
1269 2412 1277 2433 t
1296 2401 1471 2432 immiscuit

139 2459 177 2480 se
194 2447 259 2480 PR

1349 2502 1384 2533 1*
