1747 2745
830 173 998 210 LIBER
1030 174 1290 221 QVARTVS
1320 174 1515 213 VIII-XI

673 317 705 352 X

453 408 510 439 DF,
536 409 676 440 VITlIS
701 409 925 442 HOMINVM

243 497 381 534 PERAs
410 494 595 545 imposuit
626 495 803 546 Iuppiter
833 496 947 535 nobis
977 498 1098 536 duas:

187 560 352 612 propriis
381 561 568 610 repletam
599 560 703 599 uitiis
732 568 821 611 post
851 569 1001 612 tergum
1031 562 1151 610 dedit,

186 625 324 665 alienis
351 633 443 664 ante
472 633 610 676 pectus
639 627 845 676 suspendit
874 640 1044 677 grauem.

243 691 334 729 Hac
363 703 403 729 re
432 690 566 729 uidere
598 698 729 729 nostra
760 692 861 729 mala
890 705 971 730 non
1001 705 1209 742 possumus
1226 708 1235 741 ;

186 755 251 794 alii
280 756 396 794 simul
425 756 672 806 delinquunt,
705 769 888 795 censores
917 770 1062 796 sumus.
1499 775 1515 805 5

616 884 675 920 XI

438 969 527 1000 FVR
554 970 611 1000 ET
638 970 857 1002 LVCERNA

242 1048 480 1086 LVCERNAM
510 1049 569 1086 fur
598 1049 779 1088 accendit
809 1063 855 1087 ex
883 1062 949 1087 ara
980 1049 1099 1098 Iouis,

188 1111 397 1162 ipsumque
425 1112 653 1162 compilauit
682 1114 733 1151 ad
764 1114 897 1152 lumen
927 1127 1055 1153 suum.

187 1175 390 1227 sacrilegio
419 1178 486 1227 qui
515 1185 682 1216 onustus
712 1191 803 1216 cum
835 1179 1066 1227 discederet,

187 1248 349 1297 repente
377 1255 517 1281 uocem
549 1251 685 1281 sancta
715 1242 819 1282 misit
848 1242 1006 1294 religio:

190 1306 412 1345 ‘Malorum
442 1309 624 1358 quamuis
655 1308 727 1346 ista
756 1309 897 1347 fuerint
927 1322 1090 1347 munera
1499 1327 1516 1358 5

187 1371 365 1422 mihique
394 1371 520 1411 inuisa
549 1381 591 1411 ut
621 1387 700 1413 non
731 1375 908 1412 offendar
936 1373 1095 1425 subripi,

188 1443 331 1484 tamen,
365 1438 538 1484 sceleste,
572 1437 707 1488 spiritu
737 1440 894 1489 culpam
923 1440 1018 1485 lues,

188 1501 283 1542 olim
313 1515 404 1541 cum
433 1502 652 1554 adscriptus
682 1503 834 1542 uenerit
863 1516 1015 1554 poenae
1044 1502 1137 1542 dies.

189 1569 259 1608 sed
288 1581 338 1607 ne
368 1567 468 1619 ignis
498 1575 629 1607 noster
660 1569 821 1607 facinori
851 1569 1084 1618 praeluceat,

188 1647 257 1685 per
286 1646 406 1683 quem
436 1635 632 1673 uerendos
662 1633 803 1673 excolit
832 1633 956 1684 pietas
984 1634 1094 1681 deos,
1481 1650 1518 1672 10

188 1705 281 1737 ueto
309 1711 396 1738 esse
425 1700 502 1737 tale
529 1698 689 1737 luminis
719 1698 1001 1738 commercium
1014 1699 1034 1737 '.

189 1763 322 1814 itaque
349 1763 472 1803 hodie
500 1777 575 1804 nec
603 1765 804 1803 lucernam
835 1765 885 1803 de
914 1765 1074 1802 flamma
1101 1764 1221 1803 deum

188 1843 263 1869 nee
291 1830 344 1868 de
370 1830 530 1869 lucerna
558 1830 615 1869 fas
644 1836 703 1869 est
731 1828 897 1868 accendi
926 1842 1090 1867 sacrum.

245 1895 356 1944 Quot
384 1908 444 1934 res
474 1894 675 1934 contineat
704 1896 781 1933 hoc
809 1901 1084 1945 argumentum
1114 1892 1227 1932 utiles

185 1972 271 1998 non
301 1959 510 2010 explicabit
538 1959 637 1998 alius
665 1972 785 2010 quam
814 1959 883 2010 qui
912 1957 1092 2009 repperit.
1482 1972 1517 2004 15

189 2023 383 2075 significat
410 2024 581 2075 primum
609 2037 728 2075 saepe
756 2037 856 2074 quos
886 2023 969 2074 ipse
996 2021 1137 2062 alueris

191 2088 263 2128 tibi
291 2089 458 2130 inueniri
488 2089 658 2129 maxime
686 2089 930 2137 contrarios;

190 2156 410 2194 secundum
437 2154 612 2194 ostendit
641 2156 786 2193 scelera
815 2167 895 2191 non
927 2152 980 2191 ira
1009 2153 1139 2200 deum,
1481 2167 1519 2199 19

191 2219 359 2257 satorum
387 2217 495 2258 dicto
524 2220 594 2257 sed
623 2218 752 2269 puniri
781 2226 957 2268 tempore
971 2232 982 2265 3
1315 2259 1331 2268 ,.
1480 2221 1517 2252 18

236 2322 298 2354 XI.
321 2318 361 2353 H
375 2323 427 2355 88.
518 2333 538 2362 3
562 2321 768 2361 sie-Johnson
784 2333 792 2353 ι
815 2326 958 2352 onustus
975 2332 1005 2360 q.
1020 2318 1199 2358 sacrilegio
1213 2317 1277 2348 PR
1359 2329 1378 2357 4
1402 2322 1518 2349 sancta

192 2366 280 2398 Pith.
296 2377 304 2398 :
323 2371 476 2398 sanctam
490 2365 555 2396 PR
614 2376 634 2406 5
658 2376 799 2397 munera
809 2364 898 2396 Pitlz.
916 2376 923 2395 :
943 2373 1082 2395 munere
1094 2362 1172 2394 PR'
1216 2363 1236 2392 8
1262 2371 1391 2402 poenae
1409 2361 1517 2392 P1·tl1.:

193 2420 303 2450 poena
315 2409 380 2440 PR
450 2419 488 2440 12
512 2409 684 2441 lucernam
702 2409 789 2440 Pith.
806 2419 814 2439 τ
838 2408 974 2440 lucerna
990 2407 1054 2438 PR
1137 2416 1174 2445 14
1199 2411 1278 2446 quot
1294 2405 1382 2436 Pitlt.
1399 2415 1407 2435 :
1429 2405 1518 2444 quod

191 2453 256 2485 PR
320 2455 358 2485 16
381 2453 525 2493 primum
541 2451 670 2485 Havet:
695 2453 804 2493 primo
822 2451 886 2483 PR
935 2452 984 2490 18⁷
1008 2462 1046 2491 19
1069 2451 1154 2481 inter
1166 2460 1198 2481 sc
1216 2448 1416 2490 transposuit
1429 2447 1516 2479 Pitlz.
