1747 2745
830 145 997 182 LIBER
1031 145 1240 183 PRIMVS
1268 144 1488 183 XII—XIII

166 253 270 291 Tum
302 254 472 292 moriens
501 253 672 292 edidisse
703 266 841 291 uocem
873 253 974 290 hanc
1002 252 1166 292 dicitur:

169 317 228 356 ‘O
259 331 322 356 me
352 317 559 364 infelicem,
593 317 659 367 qui
691 331 796 356 nunc
825 318 988 356 demum
1019 319 1212 367 intellego,

167 381 274 419 utilia
305 381 400 420 mihi
429 395 547 432 quani
580 382 720 421 suerint
750 396 852 432 quae
880 384 1145 432 despexeram,

165 455 215 494 et,
247 460 348 497 quae
378 449 589 494 laudaram,
623 456 814 497 quantum
844 448 971 485 luctus
1002 446 1208 485 habuerint
1221 447 1240 485 ⁹.
1457 463 1486 491 ¹5

702 594 808 630 XIII

526 683 690 715 VVLPIS
717 684 773 715 ET
798 683 984 715 CORVVS

220 767 342 816 QVAE
372 779 414 806 se
442 767 591 806 laudari
619 769 793 818 gaudent
824 767 954 806 uerbis
985 766 1171 813 subdolis,

164 845 272 872 serae
301 834 396 872 dant
427 845 574 883 poenas
604 832 706 884 turpi
736 832 985 882 paenitentia.

218 897 321 937 Cum
351 898 403 936 de
431 899 600 937 fenestra
628 911 770 936 coruus
800 905 953 948 raptum
984 909 1141 936 caseum

162 974 341 1001 comesse
370 963 498 1010 uellet,
531 964 634 1001 celsa
664 963 839 1001 residens
867 962 1017 1008 arbore,

163 1027 302 1078 uulpes
331 1027 483 1074 inuidit,
516 1027 661 1066 deinde
691 1027 745 1066 sic
775 1026 905 1077 coepit
934 1026 1066 1077 loqui:
1470 1043 1487 1076 5

166 1091 226 1131 ‘O
255 1091 322 1142 qui
353 1100 517 1139 tuarum,
551 1105 680 1139 corue,
713 1091 921 1142 pinnarum
951 1100 1009 1130 est
1038 1091 1164 1131 nitor!

163 1163 356 1206 quantum
385 1156 538 1196 decoris
567 1170 731 1207 corpore
761 1165 799 1195 et
828 1158 940 1195 uultu
969 1156 1091 1206 geris!

163 1220 195 1260 si
226 1234 366 1260 uocem
397 1222 571 1269 haberes,
604 1223 712 1260 nulla
741 1221 844 1272 prior
873 1223 954 1260 ales
984 1222 1113 1260 soret'.

161 1295 201 1326 at
231 1286 305 1334 ille,
337 1288 433 1326 dum
462 1287 580 1326 etiam
611 1299 752 1326 uocem
783 1287 868 1325 uult
897 1287 1115 1333 ostendere,

163 1353 243 1391 lato
271 1365 338 1391 ore
367 1351 496 1391 emisit
525 1365 683 1391 caseum
699 1367 709 1400 3
749 1365 867 1402 quern
898 1352 1072 1391 celeriter
1454 1368 1489 1390 10

162 1417 302 1456 dolosa
329 1418 468 1468 uulpes
497 1416 624 1456 auidis
655 1417 782 1468 rapuit
812 1417 1008 1456 dentibus.

163 1489 248 1521 turn
276 1483 438 1522 demum
469 1482 659 1533 ingemuit
690 1484 798 1521 corui
829 1483 1018 1532 deceptus
1048 1490 1190 1532 stupor.

210 1597 248 1618 12
272 1592 351 1618 tunc
368 1587 402 1617 P
487 1587 634 1619 edidisse
652 1597 769 1618 uocem
786 1588 870 1617 hane
884 1585 1044 1616 Heinsius
1059 1597 1066 1615 :
1090 1595 1162 1616 uoc.
1177 1586 1263 1616 hanc
1276 1585 1422 1617 edidisse
1439 1585 1489 1617 P:

163 1631 298 1662 dedisse
315 1641 388 1662 uoc.
406 1631 492 1662 hanc
509 1631 544 1662 D
684 1641 722 1670 14
748 1630 841 1661 utilia
858 1628 913 1659 D:
937 1633 973 1659 ut
990 1629 1044 1659 illa
1059 1628 1132 1658 PR'
1256 1628 1444 1668 profuerint
1460 1629 1493 1660 P

166 1683 204 1713 15
228 1674 283 1714 qui
306 1675 341 1706 P
359 1685 403 1706 m.
425 1684 439 1705 1
582 1676 788 1715 deceptuosa
825 1672 957 1703 laudaui
990 1672 1120 1712 longius
1149 1683 1169 1702 a
1201 1672 1307 1702 luctus
1336 1674 1490 1704 sententia

161 1716 424 1758 Paraplzrastae:
449 1719 487 1758 cf
500 1725 552 1759 ps.
574 1718 753 1750 Dositheus
776 1719 814 1748 ‘a
834 1716 954 1756 quibus
970 1715 1114 1755 deceptus
1132 1714 1265 1746 fuisset'

206 1760 301 1792 XIII.
325 1759 364 1793 H
383 1772 431 1801 14,
449 1759 514 1793 Th
535 1774 582 1804 19.
676 1763 785 1793 Habet
803 1761 837 1791 D
855 1772 931 1792 cum
949 1759 1042 1789 titulo
1058 1768 1180 1789 vvtms
1196 1768 1243 1789 AD
1260 1769 1400 1791 convvm
1418 1764 1491 1790 ante

163 1815 196 1836 u.
215 1814 229 1835 1
337 1805 371 1835 1*
395 1805 492 1846 Quae
509 1807 563 1837 D:
594 1807 659 1846 Qui
677 1811 707 1837 et
724 1807 846 1847 gaudet
861 1805 912 1836 P:
942 1804 1008 1842 Qui
1035 1827 1042 1835 .
1071 1828 1077 1834 .
1103 1827 1109 1834 .
1137 1803 1282 1841 gaudent
1299 1804 1353 1833 uel
1366 1804 1487 1842 gaudet

160 1847 407 1889 Paraphrastae
495 1861 513 1880 2
536 1861 635 1882 serae
654 1849 688 1881 D
706 1851 724 1881 ι’.
739 1862 768 1891 q.
784 1861 861 1881 sero
877 1849 1056 1889 <Dresslcr3
1072 1862 1078 1879 ε
1100 1847 1171 1878 sere
1188 1846 1220 1876 P
1234 1846 1284 1885 (cs.
1295 1845 1364 1878 Ad.
1380 1846 1488 1877 serunt

161 1901 291 1931 poenas
307 1894 397 1934 turpi
415 1894 628 1934 poenitentia
646 1895 861 1932 indiscretas)
881 1905 888 1924 ι
911 1903 988 1924 sera
1004 1891 1143 1932 Rr'gault
1258 1899 1276 1929 5
1301 1890 1417 1929 uulpes
1433 1889 1467 1919 D
1482 1901 1488 1919 :

162 1935 273 1975 uulpis
295 1935 360 1968 PR
384 1942 422 1968 ut
442 1938 522 1968 alibi
609 1938 647 1977 5*
673 1938 790 1968 inuidit
817 1938 949 1977 scripsi:
982 1941 1016 1966 ut
1046 1934 1128 1965 uidit
1154 1933 1206 1965 D:
1240 1934 1326 1964 hunc
1351 1932 1433 1963 uidit
1460 1932 1493 1962 P

161 1979 182 2008 6
205 1979 280 2018 quis
304 1979 339 2010 D
427 1981 603 2020 pinnarum
632 1981 685 2011 D:
710 1991 812 2020 penn.
833 1979 866 2010 P
882 1984 920 2010 ut
939 1979 1017 2010 alibi
1103 1978 1200 2017 uigor
1221 1975 1301 2011 Ad,
1328 1978 1392 2006 ‘an
1416 1976 1490 2015 legit

162 2022 319 2062 nigror?’
337 2023 448 2055 Havet
460 2035 556 2064 quem
571 2024 644 2054 uide
743 2034 759 2062 7
785 2024 942 2053 decorem
954 2022 989 2052 D
1077 2023 1097 2052 8
1121 2030 1237 2051 uocem
1249 2019 1398 2050 latiorem
1410 2018 1486 2049 add.

162 2065 229 2097 Ad.
245 2077 252 2097 :
277 2065 399 2098 claram
415 2067 473 2107 (ex
486 2066 663 2098 clariorem
683 2071 800 2097 natum
813 2067 847 2104 ?)
865 2065 928 2097 Ro.
952 2065 1046 2096 W'iss.
1151 2074 1172 2103 9
1196 2064 1239 2093 ita
1255 2062 1396 2101 Bentley,
1411 2062 1487 2092 dum

162 2109 263 2140 etiam
285 2110 356 2141 uult
378 2118 494 2141 uocem
519 2111 702 2141 ostendere
721 2110 774 2140 D:
799 2109 922 2140 stultus
939 2109 1013 2139 dum
1033 2107 1103 2138 uult
1120 2116 1237 2137 uocem
1255 2110 1318 2136 ost.
1335 2105 1386 2136 P:
1410 2106 1487 2135 dum

162 2152 232 2183 uult
252 2153 375 2193 (cupit)
399 2153 531 2193 placere
553 2159 587 2184 et
611 2164 682 2184 uoc.
708 2163 802 2183 suam
827 2157 887 2183 ost.
916 2152 978 2182 Ro.
1007 2151 1114 2193 HGs-s„
1139 2149 1225 2181 unde
1247 2159 1383 2179 suauem
1409 2149 1488 2178 dum

161 2196 233 2226 uult
250 2206 322 2227 uoc.
336 2201 400 2228 ost.
415 2196 525 2228 Havet
616 2197 672 2227 ιο*
697 2196 761 2227 lato
777 2205 836 2226 ore
855 2196 962 2226 emisit
976 2194 1104 2225 Havel:
1129 2193 1283 2224 latiorem
1301 2192 1413 2222 emisit
1429 2201 1488 2221 ore

162 2238 198 2269 D
213 2239 266 2279 (cf
280 2239 434 2272 latiorem
447 2240 560 2271 emisit
570 2240 657 2278 Ad.)
673 2251 679 2272 τ
704 2239 815 2270 emisit
832 2249 890 2269 ore
907 2238 948 2276 P,
962 2238 1078 2268 melius
1090 2240 1160 2267 crat
1173 2235 1283 2266 amisit
1298 2234 1486 2275 (Burman)

163 2283 216 2313 uel
230 2283 320 2314 misit
422 2293 460 2313 12
483 2289 564 2314 tune
576 2282 623 2321 D,
637 2283 744 2323 quiin
761 2283 820 2313 lzoc
836 2292 932 2312 uersu
951 2292 1054 2320 usque
1067 2280 1116 2311 ad
1128 2280 1206 2310 xvii.
1227 2290 1238 2310 1
1258 2279 1369 2319 dcficit,
1382 2279 1487 2310 Para-

157 2326 312 2366 plzmstae
401 2336 524 2358 coruus
537 2326 580 2367 D,
596 2327 656 2367 qui
667 2326 743 2358 add.
757 2337 815 2357 cur
831 2326 954 2356 dolosis
970 2326 973 2367 Ι
990 2325 1120 2355 Fuisset
1138 2325 1298 2363 deceptus
1315 2323 1488 2354 fraudibus

162 2374 199 2400 ut
226 2370 389 2409 ignauus:
421 2370 462 2410 cs:
489 2369 555 2402 Ad.
581 2377 660 2402 tunc
685 2370 817 2401 demum
843 2379 964 2400 coruus
995 2367 1160 2408 ingemuit
1186 2367 1265 2407 quia
1292 2367 1370 2398 dolo
1398 2371 1488 2398 esset

162 2413 326 2453 deceptus
344 2418 379 2444 ut
397 2413 534 2453 ignarus
