1747 2745
790 169 958 207 LIBER
993 171 1200 210 PRIMVS
1232 172 1363 210 XXI}
1386 174 1497 210 XXV

225 275 454 314 Nocturnus
481 288 572 314 cum
603 277 661 314 sur
691 289 830 326 panem
865 278 1030 318 misisset
1061 279 1159 326 cani,

169 338 328 379 obiecto
357 348 554 391 temptans
582 354 631 380 an
663 342 753 380 cibo
784 354 914 392 posset
945 344 1042 394 capi,

172 407 308 444 ‘Heus
323 407 341 453 ³,
374 405 500 456 inquit
531 406 725 457 ‘linguam
757 408 814 446 uis
845 422 973 448 meam
1005 411 1266 460 praecludere,
1478 430 1494 460 5

169 483 220 508 ne
248 471 383 510 latrem
414 484 484 521 pro
513 485 554 510 re
582 472 763 511 domini?
798 475 963 512 multum
995 476 1145 513 falleris.

168 547 342 584 namque
370 533 443 573 ista
472 536 602 574 subita
632 550 694 575 nie
724 537 831 576 iubet
862 538 1082 588 benignitas

168 598 339 650 uigilare,
369 599 488 639 facias
517 613 568 640 ne
597 613 686 641 mea
714 603 829 652 culpa
859 604 1010 642 lucrum
1023 608 1045 640 ’.

596 772 736 810 XXIV

407 865 538 897 RANA
563 866 716 898 RVPTA
742 865 801 898 ET
824 866 916 899 BOS

168 953 305 1001 Inops,
337 961 540 1004 potentem
570 955 666 992 dum
697 955 780 992 uult
812 953 962 1001 imitari,
996 956 1103 1004 perit.

221 1021 268 1058 In
298 1028 410 1071 prato
439 1020 642 1070 quondam
673 1023 766 1057 rana
795 1020 997 1070 conspexit
1028 1021 1184 1067 bouem,

165 1094 202 1124 et
234 1094 335 1124 tacta
365 1085 514 1124 inuidia
542 1093 674 1124 tantae
704 1084 983 1134 magnitudinis

165 1163 345 1201 rugosam
376 1150 527 1190 inflauit
555 1151 709 1201 pellem.
769 1158 852 1188 turn
884 1159 996 1189 natos
1026 1164 1117 1189 suos

164 1215 417 1266 interrogauit
446 1229 497 1254 an
526 1216 630 1254 boue
661 1223 762 1254 esset
792 1215 914 1254 latior.
1474 1236 1491 1267 5

164 1281 217 1320 illi
248 1289 448 1332 negarunt.
508 1294 638 1319 rursus
668 1281 837 1320 intendit
867 1288 998 1320 cutem

165 1347 311 1386 maiore
340 1347 440 1394 nisu,
471 1353 510 1385 et
539 1345 655 1385 simili
685 1345 879 1396 quaesiuit
910 1347 1041 1393 modo,

163 1416 251 1466 quis
280 1413 404 1452 maior
433 1420 545 1452 esset.
604 1412 659 1451 illi
689 1412 870 1452 dixerunt
903 1413 1069 1452 ‘bouem
1083 1415 1103 1451 ’.

163 1482 378 1520 nouissime
407 1479 619 1531 indignata,
651 1480 748 1517 dum
778 1479 862 1516 uult
892 1478 1060 1518 ualidius

162 1546 298 1586 inflare
325 1557 422 1594 sese,
452 1551 568 1596 rupto
598 1543 716 1582 iacuit
744 1555 918 1593 corpore.
1451 1562 1491 1585 10

645 1714 760 1752 XXV

421 1808 574 1841 CANES
600 1807 656 1838 ET
680 1806 740 1838 CO
747 1804 970 1838 RCODILLI

217 1899 420 1940 CONleiA
449 1897 517 1949 qui
545 1898 642 1936 dant
671 1908 792 1947 praua
821 1894 943 1933 cautis
974 1895 1200 1935 hominibus

161 1972 199 2003 et
228 1965 396 2014 perdunt
425 1976 585 2014 operam
615 1969 653 2000 et
682 1960 910 2000 deridentur
939 1961 1110 2010 turpiter.

215 2029 345 2069 Canes
375 2035 572 2067 currentes
603 2026 736 2065 bibere
766 2025 805 2063 in
837 2024 930 2063 Nilo
959 2025 1132 2072 flumine,

159 2107 180 2132 a
211 2094 432 2134 corcodillis
462 2107 512 2133 ne
542 2093 749 2144 rapiantur,
780 2091 965 2130 traditum
996 2099 1065 2129 est.

161 2160 274 2210 igitur
303 2173 393 2199 curn
422 2172 581 2199 currens
612 2158 746 2197 bibere
775 2158 968 2207 coepisset
997 2156 1116 2203 canis,
1467 2171 1484 2202 5

203 2279 221 2306 4
248 2248 362 2307 posset
379 2266 628 2298 Rittershausen
644 2278 652 2298 ι
677 2267 785 2306 possit
802 2265 867 2296 PR

203 2310 329 2343 XXIV.
357 2307 396 2342 H
408 2307 594 2351 25‚Th50.
652 2319 671 2340 2
687 2309 854 2350 quondam
866 2307 1046 2339 Hemsius:
1063 2306 1206 2347 quodam
1220 2305 1251 2335 P
1305 2314 1343 2335 ιο
1360 2303 1483 2335 interiit

159 2353 377 2429 Αιξζὶξῧῗῃὶἶγ
393 2398 445 2438 26,
466 2393 530 2428 Th
546 2407 597 2438 37.
741 2396 780 2436 3*
805 2397 838 2426 in
857 2395 906 2427 P:
931 2406 973 2425 ex
990 2393 1073 2434 Ad„
1093 2394 1129 2433 cf.
1150 2393 1290 2424 Solinus
1309 2404 1362 2424 xv.
1380 2402 1418 2424 12
1434 2405 1440 2424 τ
1465 2402 1483 2421 e

159 2440 408 2472 Rilterslmusen
475 2452 493 2479 4
518 2440 708 2472 corcodillis
724 2445 754 2471 et
768 2441 856 2479 infra
869 2449 921 2470 -us
935 2438 967 2469 R
982 2449 988 2468 ς
1011 2437 1216 2467 ςοτπο<1τί11ἰς
1234 2441 1262 2468 et
1274 2437 1361 2476 infra
1374 2448 1429 2468 -us
1441 2436 1473 2467 P
