1747 2745
733 164 899 202 LIBER
936 166 1142 203 PRIMVS
1176 168 1325 204 XXIX·
1344 167 1478 204 xxxl

637 307 776 346 XXXI

433 398 606 431 MILVVS
630 400 688 432 ET
712 401 972 434 COLVMBAE

207 485 289 534 Qvl
320 498 362 525 se
391 486 602 525 committit
635 488 783 525 homini
817 491 1024 528 tutandum
1056 491 1246 542 impron

150 549 293 589 auxilia
321 551 418 590 dum
449 551 617 601 requirit,
651 552 811 590 exitium
844 555 1004 592 inuenit.

204 614 430 655 Columbae
460 628 577 666 saepe
606 629 695 654 cum
728 617 916 667 fugissent
947 619 1121 664 miluum,

150 688 189 719 et
218 679 417 719 celeritate
446 679 591 731 pinnae
622 681 811 721 uitassent
843 696 991 731 necem,

149 743 360 784 consilium
390 753 521 795 raptor
550 746 664 784 uertit
694 748 744 785 ad
776 748 977 796 fallaciam,
1463 766 1479 797 5

150 818 188 849 et
217 823 342 862 genus
371 811 520 850 inerme
551 811 614 850 tali
647 812 803 863 decepit
833 814 952 852 dolo:

152 876 311 926 ‘Quare
340 875 551 915 sollicitum
582 876 712 926 potius
741 891 884 916 aeuum
914 878 1056 917 ducitis

149 954 431 994 quameregem
463 954 526 980 me
556 941 694 980 creatis
725 943 802 981 icto
833 944 1000 991 foedere,

150 1006 218 1058 qui
247 1019 319 1046 uos
348 1007 400 1045 ab
429 1006 538 1045 omni
570 1015 672 1046 tutas
702 1016 895 1058 praestem
926 1008 1116 1047 iniuria?’

150 1073 239 1112 illae
267 1073 474 1112 credentes
504 1074 663 1112 tradunt
694 1087 778 1112 sese
809 1074 940 1113 miluo.
1443 1090 1480 1113 ιο

149 1137 218 1189 qui
247 1150 411 1189 regnum
441 1139 608 1189 adeptus
639 1140 769 1189 coepit
800 1139 906 1178 uesci
936 1139 1115 1190 singulas,

149 1210 188 1242 et
217 1215 397 1242 exercere
427 1202 633 1255 imperium
665 1203 792 1243 saeuis
823 1204 1030 1254 unguibus*

149 1272 244 1303 tunc
273 1265 325 1304 de
354 1264 507 1304 relicuis
538 1279 616 1305 una
649 1266 819 1305 ‘Merito
849 1267 1065 1317 plectimur,

148 1331 237 1370 huic
262 1331 441 1382 spiritum
462 1332 658 1381 praedoni
682 1345 778 1381 quae
807 1333 1059 1370 commtkt‘mus
1074 1334 1092 1369 ’.
1399 1350 1434 1380 ¹3
1452 1333 1478 1372 b

194 1433 325 1466 XXXI.
350 1430 390 1464 H
406 1443 459 1473 32,
481 1430 544 1464 Th
561 1435 613 1466 28.
683 1445 702 1464 2
727 1434 886 1465 auxilium
906 1435 1149 1477 Paraplzrastae
1215 1445 1234 1474 3
1259 1445 1392 1476 semper
1408 1435 1478 1467 Aa.

149 1489 169 1518 4
194 1478 319 1518 pinnae
337 1477 491 1508 Mueller:
516 1488 628 1517 penne
643 1477 676 1507 P
741 1488 759 1517 5
785 1485 901 1518 raptor
918 1478 969 1509 P:
995 1484 1206 1519 acceptorem
1222 1479 1275 1509 uel
1287 1479 1477 1518 accipitrem

148 1521 391 1563 Fut-aphrastae
411 1521 595 1551 intulerunt
614 1532 690 1551 cum
714 1521 800 1551 illud
819 1527 932 1561 raptor
950 1523 1020 1553 siue
1039 1528 1157 1563 captor
1180 1523 1266 1553 male
1285 1522 1476 1553 intellectum

147 1569 230 1596 esset
305 1565 326 1594 6
350 1564 513 1595 incertum
535 1564 602 1595 Ad.
620 1576 625 1594 :
647 1575 691 1594 an
709 1565 908 1596 incautum?
983 1576 1004 1605 9
1031 1566 1151 1597 iniuria
1168 1566 1292 1598 Pccrr.
1311 1578 1317 1596 ι
1341 1566 1477 1597 iniurias

149 1607 227 1639 PR'
311 1618 349 1639 10
372 1608 508 1639 tradunt
522 1608 589 1639 Ad.
605 1607 690 1639 Pith.
709 1619 715 1639 :
741 1608 874 1639 tradent
888 1608 964 1639 PR‘
1045 1620 1082 1649 13
1106 1611 1226 1640 merito
1240 1609 1477 1650 plectimurF:

149 1652 251 1691 digne
269 1651 352 1682 haec
371 1651 438 1690 (uel
454 1652 533 1689 hoc]
553 1651 698 1691 patimur
727 1651 823 1682 Wiss.
841 1662 848 1681 ε
883 1653 1001 1683 merito
1019 1654 1130 1692 agitur
1145 1653 1213 1684 Ad.
1333 1664 1369 1693 13
1379 1653 1417 1683 b*
1442 1664 1472 1683 u.

148 1695 312 1726 omissum
330 1696 364 1725 ιίι
382 1694 415 1725 Ρ
428 1695 558 1735 rcfinxit
573 1694 684 1725 Have!
700 1695 831 1725 testibus
848 1706 928 1725 usus
944 1695 1176 1737 Parapltrastis
1193 1698 1250 1736 qm‘
1265 1697 1383 1727 habent
1401 1697 1475 1736 ‘qui

148 1743 301 1770 nostrum
315 1739 471 1778 spiritum
485 1739 541 1769 tali
556 1738 761 1768 credidimus
779 1738 931 1769 inimico'
948 1739 1014 1769 Ad.
1034 1749 1041 1769 z
1065 1739 1139 1778 ‘qui
1155 1750 1216 1770 nos
1229 1741 1368 1780 predoni
1388 1751 1475 1771 com-

148 1781 321 1813 misimus’
340 1781 438 1813 th'ss.
457 1793 463 1812 :
487 1783 543 1821 qui
559 1792 621 1812 nos
633 1782 692 1812 tali
705 1782 933 1813 commisimus
948 1783 1150 1819 ‘'defensori)
1164 1783 1228 1814 Ro.
1298 1783 1419 1814 Postu.
1439 1794 1476 1822 13

146 1825 181 1857 P
200 1825 297 1856 habet
321 1835 454 1856 putum
480 1826 549 1856 Ανὸ
574 1835 714 1856 ωΒεΒτι
746 1828 803 1857 Lu}
828 1835 1003 1857 SECVNDVS
1028 1836 1157 1857 menn-r
1185 1836 1291 1857 Lmen
1318 1836 1473 1858 TEans.

147 1878 327 1901 rsucrran
345 1868 504 1907 mendose,
525 1868 570 1900 R'
590 1878 751 1900 PHAEDRl
770 1878 915 1900 Ανσνςτι
936 1879 1075 1902 LIBERTI
1097 1879 1201 1901 Lmen
1219 1879 1396 1902 szcvxnvs

1348 2503 1387 2536 2*
