1747 2745
208 149 469 188 PHAEDRI
502 148 852 188 FABVLARVM

208 259 422 299 nouissime
453 259 649 299 interdicit
678 274 728 299 ne
759 274 849 299 cum
881 262 1060 301 malefico
1502 276 1542 298 20

208 338 323 364 usum
353 326 482 365 bonus
512 327 716 365 consociet
746 325 861 364 ullius
891 327 952 365 rei.

640 476 723 513 XII

418 567 576 599 MALAS
601 568 716 600 ESSE
742 568 948 602 DIVITIAS

262 654 374 693 OPES
404 652 554 694 inuisae
585 656 724 693 merito
754 662 845 694 sunt
875 654 963 694 forti
994 654 1088 701 uno,

207 718 300 768 quia
329 718 442 758 diues
471 732 561 758 arca
590 733 723 758 uerarn
754 721 913 759 laudem
944 719 1150 770 intercipit.

262 784 384 823 Caelo
413 780 594 835 receptus
624 793 783 836 propter
812 787 997 824 uirtutem
1030 785 1234 832 Hercules,

207 863 297 888 curn
327 851 565 899 gratulantes
595 853 870 901 persalutasset
899 852 1007 898 deos,

207 915 392 953 ueniente
423 916 550 962 Pluto,
583 915 650 965 qui
683 917 880 954 Fortunae
911 923 969 954 est
1000 915 1111 962 filius,
1523 929 1540 961 5

194 979 346 1020 ,auertit
376 981 524 1018 oculos.
584 994 743 1019 causam
774 980 969 1031 quaesiuit
1000 983 1123 1019 Pater.

210 1044 334 1084 ‘Odi'
364 1044 490 1095 inquit
523 1044 665 1088 ‘illum
685 1045 778 1096 quia
808 1045 919 1084 malis
949 1046 1099 1084 amicus
1128 1052 1186 1083 est

208 1109 404 1161 simulque
433 1109 591 1149 obiecto
622 1120 764 1150 cuncta
793 1110 1009 1161 corrumpit
1038 1111 1180 1149 lucro'.

693 1263 800 1300 XIII

482 1356 542 1388 DE
569 1356 724 1388 LEONE
751 1356 1006 1388 REGNANTE

264 1445 459 1482 ‘VT1L1vs
490 1442 641 1482 homini
672 1442 727 1481 nil
755 1451 815 1482 est
844 1456 962 1494 quam
995 1450 1100 1482 recte
1129 1441 1258 1493 quui'

208 1510 415 1560 probanda
443 1509 596 1548 cunctis
626 1516 685 1548 est
714 1507 877 1558 quidem
908 1506 1102 1547 sententia
1118 1522 1127 1556 3

207 1576 277 1614 sed
306 1575 357 1614 ad
388 1574 601 1625 perniciem
633 1575 732 1613 solet
761 1575 821 1624 agi
853 1573 1065 1612 sinceritas.

262 1642 374 1679 XIV.
407 1641 511 1681 Cum
541 1653 583 1679 se
613 1641 780 1678 ferarum
811 1652 941 1690 regern
972 1638 1125 1678 fecisset
1155 1640 1229 1686 leo,

207 1715 245 1745 et
273 1706 481 1756 aequitatis
511 1706 629 1744 uellet
659 1705 805 1744 famam
834 1703 1036 1755 consequi,
1523 1723 1540 1753 5

206 1784 229 1808 a
257 1770 420 1821 pristina
449 1770 607 1809 deflexit
636 1770 938 1817 consuetudine,

206 1843 325 1885 atque
355 1834 456 1873 inter
484 1834 580 1881 illas,
612 1833 721 1872 tenui
751 1842 961 1873 contentus
991 1833 1093 1883 cibo,

207 1908 342 1939 sancta
371 1901 595 1950 incorrupta
625 1899 708 1938 iura
712 1887 928 1938 reddebat
958 1901 1049 1939 fide.

251 2004 328 2036 XII.
352 2001 392 2035 H
408 2004 459 2042 89.
520 2003 589 2034 Pro
605 2003 697 2034 mulo
715 2013 830 2034 MALAS
847 2013 927 2035 ESSE
945 2013 1098 2035 mvrrms
1114 2003 1148 2034 P
1211 2013 1231 2044 5
1256 2005 1416 2035 ueniente
1432 2003 1539 2036 Pitln:

206 2047 357 2079 uenienti
374 2047 439 2078 PR
531 2047 630 2077 Pluto
647 2047 736 2078 Pitlz.
753 2058 761 2078 :
786 2048 927 2087 plutone
944 2047 978 2077 P

250 2091 348 2122 XIII.
374 2087 414 2121 H
431 2101 485 2130 90,
505 2101 559 2130 91,
579 2088 644 2121 Th
660 2101 710 2129 70.
823 2101 835 2121 1
863 2091 908 2121 nil
925 2090 1083 2122 I'Wueller:
1110 2090 1192 2121 nihil
1210 2090 1285 2121 PR'
1389 2090 1472 2123 nihil
1489 2097 1543 2127 est

206 2134 333 2166 homini
351 2133 396 2164 R'
410 2145 416 2165 :
442 2145 476 2165 n.
493 2144 570 2165 esse
589 2135 718 2164 homini
732 2134 866 2173 Bentley
978 2145 998 2165 2
1023 2134 1164 2174 probata
1178 2133 1341 2165 Heinsius
1432 2139 1511 2175 post
1521 2145 1542 2174 3

205 2178 362 2210 lacunam
379 2178 498 2208 statuit
513 2177 626 2209 Havet
735 2189 756 2216 4
781 2188 895 2217 regem
914 2178 947 2208 R
961 2189 968 2208 :
995 2188 1075 2216 rege
1091 2177 1125 2208 P
1232 2177 1296 2209 sibi
1316 2178 1408 2209 serae
1424 2187 1540 2217 regem

167 2254 178 2261 μ
204 2221 422 2253 fortissimum
461 2222 594 2253 leonem
634 2221 796 2252 fecissent
833 2220 901 2252 Ad.
933 2221 998 2252 Ro.
1029 2226 1132 2262 paene
1168 2231 1291 2260 omnes,
1331 2232 1399 2252 non
1440 2220 1540 2253 Wiss.

203 2268 225 2296 6
250 2265 458 2296 renuntiauit
482 2265 650 2305 prioribus
669 2265 772 2296 sactis
800 2269 834 2295 et
862 2264 1006 2295 mutauit
1033 2264 1309 2296 consuetudinem
1338 2264 1392 2296 uel
1415 2264 1542 2296 similia

204 2308 451 2349 Parapltrastae
552 2308 591 2347 7*
615 2308 710 2338 tenui
724 2333 731 2340 .
747 2332 754 2339 .
769 2333 776 2340 .
790 2308 866 2338 cibo
876 2307 971 2339 PR‘:
995 2308 1205 2348 (contentus)
1219 2308 1293 2339 sine
1311 2308 1478 2347 sanguine
1495 2308 1541 2338 ci-

206 2353 284 2383 bum
302 2351 400 2383 Wiss.
414 2356 444 2383 et
464 2351 588 2383 similia
600 2352 659 2382 alii
671 2351 932 2392 Pamplzmstae,
945 2351 1028 2391 sort.
1042 2351 1114 2383 miti
1130 2374 1140 2383 .
1163 2375 1172 2384 .
1192 2375 1199 2383 .
1221 2352 1308 2383 cibo.
1322 2361 1427 2392 pecus
1438 2352 1540 2382 ullum

205 2407 244 2427 se
266 2407 334 2427 non
364 2395 499 2426 laedere
525 2395 579 2426 uel
602 2395 728 2425 similia
753 2394 830 2426 add.
860 2395 1108 2435 Paraphrastae
1203 2396 1223 2425 8
1247 2394 1437 2435 conserenda
1461 2398 1542 2426 sunt

205 2439 516 2481 Paraphrastarmn
531 2444 686 2470 sanctam
703 2443 737 2470 et
753 2438 985 2479 incorruptam
1002 2438 1123 2471 iurauit
1139 2449 1177 2471 se
1193 2439 1294 2470 fidem
1310 2449 1448 2469 seruare
