1747 2745
182 131 442 170 PHAEDRI
474 132 822 171 FABVLARVM

181 249 223 279 ut
252 242 404 282 insueta
433 255 533 281 uoce
563 249 721 281 terreret
750 243 860 290 feras,
1495 261 1513 293 5

181 307 372 357 fugientes
403 308 487 359 ipse
516 307 724 358 exciperet.
783 308 847 347 hic
876 308 1066 349 auritulus

180 373 391 411 clamorem
424 373 556 412 subito
586 373 679 412 totis
710 373 811 413 tollit
841 374 1003 423 uiribus,

180 450 366 488 nouoque
396 439 526 478 turbat
556 439 702 478 bestias
733 439 944 478 miraculo:

180 516 291 553 quae,
324 504 419 542 dum
451 512 640 554 pauentes
671 504 796 542 exitus
825 513 941 543 notos
971 513 1120 556 petunt,

179 567 304 606 leonis
333 567 572 618 adfliguntur
601 570 801 608 horrendo
830 569 991 620 impetu.
1474 586 1513 608 10

179 631 246 681 qui
277 639 487 682 postquam
517 635 640 673 caede
671 635 794 672 fessus
825 642 893 680 est,
927 634 1080 672 asinum
1110 642 1261 683 euocat,

179 696 367 747 iubetque
398 710 538 736 uocem
569 712 755 748 premere.
816 706 911 737 tunc
941 698 1006 737 ille
1035 699 1208 738 insolens

182 761 342 810 ‘Qualis
372 763 527 801 uidetur
556 776 676 813 opera
706 763 777 802 tibi
808 763 917 802 uocis
948 764 1109 802 meaeP'

180 827 395 878 ‘Insignis’
424 827 552 879 inquit
584 828 661 867 ‘sic
691 836 744 875 ut,
777 828 851 867 nisi
882 841 1040 867 nossem
1071 836 1181 868 tuum

179 893 355 931 animum
386 906 601 944 genusque,
635 893 751 932 simili
782 895 967 944 fugissem
999 901 1106 934 metu
1119 894 1139 934 ’.
1474 911 1511 942 ¹5

719 1059 803 1096 XII

513 1145 695 1177 CERVVS
721 1145 784 1175 AD
812 1144 1000 1176 FONTEM

199 1234 204 1240 ⁴
236 1234 447 1270 LAVDATIS
477 1231 632 1270 utiliora
661 1245 762 1282 quae
793 1231 1088 1281 contempseris,

179 1311 295 1348 saepe
326 1296 492 1336 inueniri
523 1298 631 1336 testis
662 1298 758 1335 haec
789 1296 956 1335 narratio
987 1304 1056 1335 est.

234 1364 298 1401 Ad
327 1363 476 1401 fontem
508 1374 658 1410 ceruus,
693 1375 783 1400 cum
815 1361 993 1410 bibisset,
1022 1361 1171 1409 restitit,

179 1437 216 1467 et
247 1430 287 1466 in
316 1428 466 1479 liquore
496 1427 596 1467 uidit
626 1428 793 1477 effigiem
825 1440 947 1466 suam.

180 1493 231 1532 ibi
263 1494 357 1533 dum
390 1506 542 1532 ramosa
573 1492 717 1531 mirans
747 1493 881 1531 laudat
911 1505 1059 1531 cornua
1493 1509 1510 1540 5

179 1573 415 1610 crurumque
445 1559 607 1597 nimiam
639 1558 871 1597 tenuitatem
902 1558 1110 1608 uituperat,

179 1633 395 1664 uenantum
427 1624 557 1663 subito
587 1624 754 1663 uocibus
784 1624 1028 1670 conterritus,

178 1703 246 1741 per
276 1703 460 1754 campum
490 1691 622 1741 fugere
653 1690 793 1739 coepit,
827 1697 864 1728 et
894 1702 1009 1727 cursu
1038 1689 1116 1729 leui

178 1768 295 1794 canes
325 1755 449 1795 elusit.
510 1755 607 1794 silua
637 1763 721 1793 tum
751 1753 903 1804 excepit
933 1755 1056 1793 ferum
1072 1769 1082 1802 ,·

178 1820 217 1858 in
249 1833 326 1870 qua
354 1820 513 1859 retentis
544 1819 743 1870 inpeditus
774 1819 959 1858 cornibus
1473 1835 1511 1856 10

178 1883 336 1921 lacerari
366 1882 496 1933 coepit
527 1882 721 1921 morsibus
752 1881 878 1921 saeuis
908 1895 1062 1921 canum.

221 1989 241 2019 5
265 1985 299 2010 ut
313 1979 366 2010 ille
380 1980 440 2011 ins.
459 1991 488 2012 u.
503 1985 582 2012 terr.
601 1986 634 2011 et
653 1981 671 2011 f.
693 1981 728 2011 D
830 1982 851 2011 6
874 1981 948 2021 ipse
966 1986 1001 2012 ut
1017 1980 1092 2011 PR‘
1177 1981 1341 2012 auritulus
1353 1980 1510 2021 Rzggault:

178 2023 345 2054 auriculus
356 2023 408 2054 D:
427 2024 594 2055 auriculas
609 2023 684 2054 PR'
769 2035 785 2063 7
803 2025 949 2055 subitum
960 2024 995 2055 D
1063 2024 1150 2055 tollit
1162 2025 1240 2056 totis
1251 2023 1317 2054 PR
1397 2034 1437 2054 10
1452 2024 1511 2054 ad-

178 2066 334 2097 ficiuntur
358 2066 422 2097 PR
528 2077 564 2097 11
596 2073 647 2099 est
664 2078 731 2100 om.
752 2067 817 2098 PR
932 2077 970 2106 13
995 2068 1113 2108 quales
1131 2068 1165 2098 P
1179 2079 1223 2099 m.
1247 2078 1260 2098 1
1363 2067 1423 2098 tibi
1440 2067 1507 2098 uid.

179 2120 284 2150 opera
312 2109 410 2141 PR':
433 2120 537 2150 opera
564 2110 622 2142 tibi
652 2112 720 2144 uid.
747 2111 791 2142 R'
894 2122 932 2151 14
956 2112 1004 2143 sic
1030 2117 1065 2142 ut
1089 2122 1154 2142 om.
1172 2110 1208 2141 D
1310 2120 1348 2150 15
1372 2111 1510 2142 fuissem

178 2153 210 2183 in
228 2164 270 2184 m.
288 2152 361 2183 PR'

221 2196 299 2227 XII.
326 2194 365 2227 H
377 2207 425 2236 13,
442 2195 504 2228 Th
517 2207 569 2237 57.
618 2199 729 2229 Habet
744 2197 789 2238 D,
802 2209 879 2230 cum
896 2199 990 2230 titulo
1005 2208 1139 2229 CEvas
1154 2209 1203 2229 AD
1219 2207 1355 2229 FONTEM
1375 2208 1511 2228 LAVDAT

177 2250 316 2271 CORNVA
329 2244 406 2281 post
422 2252 452 2271 u.
473 2252 491 2271 2
510 2242 662 2282 descripto
790 2252 803 2271 1
831 2243 991 2273 Laudatis
1006 2242 1057 2274 P:
1081 2253 1163 2282 sepe
1181 2252 1257 2272 esse
1273 2241 1308 2272 D
1323 2253 1330 2272 ε
1354 2242 1509 2272 temseris

176 2283 210 2314 P
226 2295 269 2314 m.
293 2294 306 2314 1
386 2294 405 2314 2
430 2286 570 2324 s'a)epe
588 2285 735 2316 inueniri
753 2285 828 2316 PR'
844 2298 851 2316 τ
876 2287 947 2317 eius
961 2286 1008 2316 rei
1020 2286 1056 2316 D
1123 2285 1220 2316 testis
1231 2295 1298 2316 om.
1314 2285 1379 2315 PR
1447 2285 1510 2316 erit

178 2328 325 2358 narratio
338 2327 403 2358 PR
471 2340 490 2367 4
515 2329 635 2368 fagiem
650 2329 740 2360 Dm.
759 2340 772 2360 1
843 2339 861 2368 5
886 2330 997 2360 laudat
1015 2330 1142 2360 mirans
1158 2328 1193 2358 D
1263 2339 1279 2367 7
1304 2333 1461 2359 uenatum
1475 2328 1510 2358 D

175 2381 198 2411 9
221 2381 322 2402 canes
348 2371 398 2402 P:
433 2372 540 2403 molos
571 2373 704 2411 (malosi
735 2373 799 2405 Ro.
828 2371 939 2408 Ῑκγϊεε,1
965 2373 1049 2403 unde
1075 2373 1154 2404 lusit
1180 2371 1348 2403 molossos
1374 2371 1512 2402 Mueller

178 2414 294 2455 elusit]
314 2415 424 2446 euasit
442 2415 494 2446 uel
507 2416 658 2447 euasisse
676 2416 800 2447 dicitur
815 2415 1060 2458 Paraplzrastae
