1747 2745
242 161 501 209 PHAEDRI
536 162 881 202 FABVLARVM

240 270 356 308 simul
386 278 424 310 et
454 278 626 311 uetustas
657 274 790 312 medio
820 274 999 313 dissoluit
1029 276 1137 324 mari,
1536 295 1574 319 10

239 337 278 375 hi
307 350 436 385 zonas,
470 337 522 375 illi
553 352 612 377 res
642 340 830 389 pretiosas
861 339 1061 390 colligunt,

237 401 458 440 subsidium
490 402 604 442 uitae.
663 403 826 454 quidam
856 405 1045 443 curiosior

240 467 476 515 ‘Simonide‚
510 476 551 507 tu
582 483 628 507 ex
657 469 799 519 opibus
829 469 884 507 nil
914 470 1035 508 sumis
1064 471 1192 510 tuis?'

238 534 446 572 ‘Mecum’
477 533 603 583 inquit
637 537 745 572 ‘mea
775 541 866 572 sunt
896 535 1071 573 cuncta’.
1125 542 1219 575 tunc
1251 537 1363 587 pauci
1394 545 1565 586 enatant,

234 598 326 648 quia
356 600 485 649 plures
516 612 635 637 onere
665 599 867 649 degrauati
898 599 1106 649 perierunt.
1532 620 1567 652 15

234 665 452 713 praedones
482 665 637 712 adsunt,
670 666 824 715 rapiunt
855 666 964 715 quod
993 664 1160 715 quisque
1191 666 1336 715 extulit,

233 729 362 767 nudos
392 728 629 780 relinquunt.
690 731 787 768 forte
819 730 1082 769 Clazomenae
1112 744 1233 780 prope

231 795 394 845 antiqua
424 794 494 833 fuit
525 795 642 841 urbs;
681 808 799 844 quam
831 795 1025 845 petierunt
1056 797 1240 846 naufragi.

232 861 295 898 hic
326 860 539 899 litterarum
570 860 732 910 quidam
764 860 896 899 studio
926 860 1093 906 deditus,

231 924 445 964 Simonidis
476 925 543 975 qui
574 938 690 975 saepe
721 938 856 964 uersus
886 927 1041 975 legerat,
1525 944 1564 966 20

230 999 390 1042 eratque
419 991 594 1030 absentis
623 990 836 1030 admirator
866 991 1070 1038 maximus,

229 1070 411 1096 sermone
440 1057 490 1095 ab
520 1057 607 1108 ipso
637 1057 838 1107 cognitum
869 1056 1123 1107 cupidissime

228 1123 279 1161 ad
308 1136 349 1161 se
379 1124 550 1173 recepit;
588 1131 710 1170 ueste,
742 1122 926 1170 nummis,
958 1122 1105 1161 familia

228 1188 431 1227 hominem
461 1188 674 1228 exornauit.
734 1188 852 1228 ceteri
882 1188 1057 1227 tabulam
1087 1202 1198 1227 suam

226 1261 391 1304 portant,
426 1262 606 1305 rogantes
637 1255 798 1293 uictum.
858 1267 959 1304 quos
989 1267 1081 1292 casu
1112 1253 1252 1292 obuios
1520 1269 1559 1303 25

226 1319 450 1359 Simonides
481 1328 523 1358 ut
553 1320 662 1368 uidit,
698 1319 834 1358 ‘Dixi'
865 1319 1133 1370 inquit·‘mea

227 1398 383 1424 mecum
413 1399 498 1425 esse
528 1394 694 1433 cuncta3
733 1399 804 1424 uos
835 1385 943 1435 quod
974 1383 1154 1435 rapuistis
1184 1382 1283 1434 perit
1295 1384 1316 1422 '.

547 1572 900 1625 XX111(XX1V)
957 1588 961 1591 -

494 1678 624 1709 MONS
651 1675 953 1708 PARTVRIENS

280 1775 405 1812 MONS
436 1772 660 1823 parturibat,
692 1770 859 1822 gemitus
890 1770 1070 1809 inmanes
1100 1770 1233 1819 ciens3

222 1847 381 1890 eratque
411 1841 451 1877 in
481 1838 589 1877 terris
619 1837 788 1875 maxima
819 1835 1070 1887 exspectatio.

221 1912 259 1945 at
289 1906 352 1944 ille
382 1918 532 1944 murem
563 1904 722 1955 peperit.
785 1904 878 1941 Hoc
910 1895 1103 1953 scriptum
1129 1909 1188 1941 est
1217 1901 1299 1949 tibi,

221 1970 299 2021 qui,
331 1984 472 2021 magna
501 1983 590 2008 cum
624 1968 792 2014 minaris,
827 1967 989 2006 extricas
1020 1967 1127 2006 nihil.

267 2085 306 2106 10
329 2080 362 2106 et
379 2086 444 2106 om.
461 2074 530 2105 NV
603 2076 698 2113 mari,
720 2075 813 2106 Festa
829 2086 836 2106 :
862 2074 963 2115 uulgo
977 2074 1070 2105 mari.
1086 2073 1272 2114 distingunt
1351 2083 1386 2104 11
1413 2073 1459 2104 hii
1476 2072 1554 2105 PR'

222 2128 260 2157 13
285 2118 364 2149 nihil
383 2118 486 2149 PNV
569 2119 746 2149 Simonide
769 2119 874 2158 inquit
899 2124 933 2149 tu
957 2118 1038 2149 nihil
1060 2128 1102 2148 ex
1121 2117 1194 2148 istis
1213 2117 1282 2155 (-os
1303 2116 1348 2154 V)
1366 2117 1472 2148 sumis
1488 2117 1555 2148 NV

224 2174 260 2201 14
286 2167 365 2193 tunc
383 2162 430 2195 P:
456 2168 524 2194 turn
542 2163 596 2194 N:
622 2168 689 2193 tam
711 2162 742 2192 V
831 2171 867 2201 15
892 2161 970 2201 qnia
988 2162 1038 2192 P:
1065 2172 1138 2191 narn
1156 2160 1226 2190 NV
1310 2161 1483 2200 perierunt
1500 2161 1552 2192 N:

219 2206 350 2246 periere
366 2206 414 2238 V:
435 2209 605 2246 perierant
617 2207 650 2237 P
734 2216 770 2245 17
792 2207 884 2237 nudo
896 2206 930 2236 Ρ
1011 2206 1048 2236 18
1072 2204 1207 2244 antiqua
1220 2203 1300 2234 NV:
1325 2204 1462 2244 natiqua
1475 2203 1552 2235 PR'

219 2261 261 2280 20
284 2260 403 2281 uersus
425 2251 511 2282 NV:
536 2260 634 2281 uerus
654 2249 730 2281 PR‘
839 2259 879 2279 22
904 2249 945 2280 ab
962 2259 1028 2280 om.
1048 2247 1118 2278 NV
1224 2257 1265 2286 23
1291 2252 1466 2287 receptum
1486 2247 1556 2278 NV

218 2303 258 2332 25
283 2300 416 2333 portant
437 2295 524 2325 NV:
550 2294 684 2334 poriant
706 2294 740 2324 P
758 2304 802 2325 m.
825 2303 838 2323 1
859 2291 917 2323 R‘:
948 2292 1125 2331 porrigunt
1147 2291 1181 2321 P
1196 2302 1240 2321 m.
1258 2301 1278 2321 2
1295 2291 1382 2322 unde
1402 2295 1551 2331 porgunt

218 2337 466 2369 Rz'tlershausen
557 2337 678 2368 obuius
696 2337 729 2366 Ρ
815 2337 856 2366 26
881 2336 967 2366 dixit
984 2334 1058 2366 PR'
1147 2344 1188 2373 27
1214 2334 1314 2374 periit
1330 2333 1399 2364 NV

263 2381 395 2413 XXIII.
422 2379 461 2412 H
485 2391 535 2420 73.
563 2378 627 2411 Th
650 2390 703 2419 31.
799 2380 964 2418 Perottus,
989 2382 1025 2409 ut
1048 2377 1188 2416 uidetur,
1212 2378 1315 2408 sciens
1333 2377 1552 2418 praetermtsz't

216 2424 298 2455 Post
314 2437 346 2457 u.
366 2435 378 2455 1
399 2425 538 2455 Plzabet
553 2424 651 2463 Quod
671 2423 726 2453 ille
742 2428 877 2463 pareret
