1747 2745
832 176 1086 214 FABVLAE
1118 175 1309 214 NOVAE
1343 177 1373 210 Υ
1383 176 1397 212 l
1407 198 1424 201 -
1436 176 1462 210 Y
1474 176 1484 211 1
1497 176 1534 212 lI

208 282 395 334 (amator)
421 284 595 333 uulpem,
627 292 668 322 ut
700 283 799 322 sedit
830 283 1005 333 legitimo
1033 290 1132 330 toro,

209 348 460 387 scarabaeum
493 348 590 387 uidit
620 357 894 399 prorepentem
924 361 971 386 ex
999 349 1145 397 angulo

208 422 424 463 notamque
453 414 503 452 ad
533 414 717 464 praedam
748 412 920 452 desiliuit
950 412 1125 452 celerius.
1520 431 1536 460 5

208 477 340 529 superi
372 478 490 517 risere
518 479 692 528 grande3
721 486 759 516 at
789 477 944 516 erubuit
976 479 1091 516 Pater

207 545 449 594 uulpemque
479 543 723 593 repudiatam
753 542 936 581 thalamis
965 542 1123 593 expulit,

206 609 266 647 his
296 617 554 660 prosecutus:
581 608 708 646 ‘Viue
737 622 817 658 quo
847 607 967 659 digna
997 622 1038 647 es
1068 609 1201 655 modo,

206 673 298 725 quia
328 675 446 724 digna
477 673 620 713 nostris
650 686 735 712 esse
766 672 912 712 meritis
941 685 1022 712 non
1053 673 1191 723 potes)

731 783 837 821 VIII

519 865 746 897 ARBORES
771 865 829 897 ET
854 864 1053 897 SECVRIS

261 941 401 979 FACTA
431 941 554 978 homo
583 941 708 978 securi
737 939 789 978 ab
818 938 1025 978 arboribus
1054 940 1146 978 huic
1175 940 1347 990 postulat

206 1005 313 1056 ligno
342 1005 594 1044 manubrium
625 1006 734 1055 quod
763 1005 862 1043 soret
892 1004 1142 1045 firmissimo:

205 1071 288 1109 dari
318 1070 513 1109 iusserunt
542 1084 589 1109 ex
619 1071 788 1109 oleastro
816 1078 980 1110 ceterae.

207 1135 331 1174 securi
361 1144 495 1186 aptato
524 1149 653 1174 ramos
684 1135 747 1173 ille
777 1148 822 1174 ac
851 1135 995 1175 robora

249 1239 290 1276 3*
314 1245 444 1269 amator
463 1239 556 1278 (olim
576 1239 725 1275 maritus
745 1238 872 1278 addidi,
891 1249 957 1270 om.
981 1238 1013 1268 V
1028 1238 1123 1271 Wiss.
1252 1244 1288 1269 ut
1304 1249 1330 1271 s.
1348 1239 1496 1278 legitimo
1514 1246 1533 1269 t.

206 1283 337 1322 scripsi:
361 1282 523 1321 legitimis
549 1288 584 1313 ut
609 1293 634 1313 s.
661 1283 762 1312 thoro
788 1281 911 1314 Wiss.:
935 1288 970 1313 et
991 1282 1130 1322 uulpem
1151 1283 1246 1322 quasi
1269 1282 1418 1321 legitimo
1441 1284 1537 1313 thoro

207 1325 269 1356 sibi
297 1326 448 1356 assidere
476 1325 614 1356 fecisset
641 1324 691 1356 V:
716 1325 847 1365 uulpem
875 1325 1034 1365 legitimis
1057 1325 1221 1368 (paelex)
1244 1327 1317 1364 (hoc
1337 1326 1406 1355 iam
1434 1326 1536 1363 Gude,

195 1368 282 1408 sort.
300 1373 389 1405 νιτίε)
408 1374 443 1400 ut
460 1380 485 1399 s.
507 1369 592 1400 toris
610 1368 748 1399 Mueller
835 1380 854 1408 4
879 1379 962 1400 sear.
981 1379 1014 1400 u.
1031 1369 1127 1401 W'ss.
1143 1380 1151 1400 z
1176 1379 1208 1400 u.
1226 1369 1282 1400 illa
1291 1365 1494 1400 scrabonem
1513 1369 1544 1399 V

209 1418 412 1451 prorepente
443 1411 563 1444 lViss.:
600 1417 877 1451 prorepetentem
904 1411 943 1449 V,
970 1422 1049 1442 corr.
1071 1412 1165 1443 Gude
1297 1422 1340 1442 ex
1365 1413 1483 1444 arbore
1513 1413 1544 1442 V

207 1465 227 1494 5
251 1455 400 1486 desiliuit
410 1455 554 1486 celerius
570 1456 703 1496 scripsi:
725 1454 869 1486 celerius
882 1455 986 1486 siliuit
1002 1455 1156 1492 VWzss„
1169 1456 1235 1486 nisi
1245 1455 1335 1496 quod
1344 1456 1435 1487 siluit
1448 1457 1541 1488 habet

213 1497 244 1528 V
253 1503 284 1529 et
300 1503 376 1540 post
389 1498 448 1529 Ιιοι·
462 1500 566 1530 unius
585 1499 676 1529 uerbi
689 1502 835 1539 spatium
851 1509 858 1529 :
881 1499 984 1529 celeri
999 1499 1155 1538 prosiluit
1169 1500 1274 1538 gradu
1291 1498 1391 1538 Gude‚
1407 1501 1442 1540 <f-
1457 1501 1535 1532 adn.

209 1542 283 1574 ad6
341 1544 364 1573 6
382 1543 495 1582 superi
509 1543 616 1574 risere
628 1543 756 1582 grande
770 1543 903 1582 scripsi:
920 1552 992 1582 sup.
1003 1543 1110 1581 gradu
1124 1543 1179 1573 ris.
1199 1542 1294 1574 Wiss.
1310 1554 1317 1573 z
1337 1543 1413 1574 hinc
1424 1546 1536 1584 superi

213 1585 242 1615 V
304 1592 338 1617 at
351 1596 397 1617 er.
412 1586 514 1617 Pater
525 1587 660 1627 scripsi:
686 1591 719 1616 et
732 1591 827 1625 pater
842 1585 971 1625 Iupiter
983 1596 1029 1617 er.
1045 1585 1093 1616 V:
1113 1586 1247 1625 magnis
1259 1597 1304 1617 er.
1319 1593 1415 1626 pater
1427 1588 1535 1625 Il'iss.,

208 1629 298 1660 unde
308 1630 424 1670 superi
438 1631 546 1661 risere
561 1642 568 1661 :
590 1640 730 1669 magnus
744 1640 790 1660 er.
807 1635 903 1669 pater
918 1629 1011 1660 Gude
1074 1640 1092 1669 7
1118 1629 1266 1661 talixmis
1283 1631 1422 1670 expudit
1440 1630 1536 1662 Wiss.

209 1674 230 1703 8
255 1674 340 1705 uade
357 1674 458 1704 modo
475 1684 540 1713 quo
555 1674 657 1713 digna
669 1684 706 1704 es
723 1673 754 1703 V
833 1683 855 1714 9
877 1674 923 1704 sic
936 1671 1092 1704 Mueller:
1112 1684 1144 1713 q.
1159 1674 1261 1713 digna
1274 1675 1398 1705 nostris
1411 1675 1537 1706 meritis

211 1728 276 1748 non
295 1727 372 1748 esse
388 1728 457 1748 non
475 1723 571 1757 potes
593 1717 637 1748 V:
665 1728 696 1757 q.
716 1719 816 1757 digne
834 1718 960 1748 nostris
976 1727 1058 1748 mer.
1074 1727 1141 1747 non
1160 1723 1273 1758 potest
1291 1728 1366 1749 esse
1387 1717 1482 1750 Wiss.

253 1761 347 1793 V111.
372 1758 436 1792 Th
463 1762 516 1800 64,
541 1762 644 1802 praef.
671 1762 761 1801 xlx-ii,
791 1761 836 1792 Cl.
863 1761 901 1801 Q.
927 1761 984 1792 xii.
1015 1762 1076 1801 156
1099 1772 1146 1801 sq.
1204 1761 1325 1792 Exstat
1350 1762 1442 1803 apud
1468 1762 1535 1793 Ad.

208 1804 271 1836 Ro.
295 1804 406 1843 Wiss„
433 1807 509 1836 item
540 1804 635 1846 apud
660 1805 883 1846 Digbeianum
915 1815 974 1844 172
1007 1804 1214 1845 bybliothecae
1244 1805 1441 1836 Bodleianae
1470 1806 1534 1836 cod.

208 1848 379 1880 Hewieux
392 1848 443 1880 ii.²
455 1851 530 1889 536.
596 1875 600 1882 .
623 1859 637 1880 1
665 1849 768 1880 Facta
785 1849 816 1880 h.
831 1860 858 1880 s.
871 1849 1003 1891 scripsi:
1029 1859 1056 1881 s.
1069 1849 1159 1879 sacta
1175 1850 1206 1880 h.
1222 1849 1275 1879 uel
1289 1849 1321 1880 h.
1335 1858 1360 1879 s.
1374 1849 1460 1879 sacta
1474 1850 1536 1880 Ro.

214 1891 329 1924 W'ss.:
356 1893 487 1924 securis
504 1903 579 1924 cum
599 1893 718 1924 suisset
736 1893 756 1924 s.
771 1893 840 1925 Ad.
974 1893 1016 1924 ab
1042 1892 1216 1923 arboribus
1243 1892 1319 1923 huic
1340 1894 1396 1933 (sc.
1414 1893 1536 1932 securi>

209 1936 358 1974 postulat
377 1938 513 1977 scrip5i:
537 1937 577 1968 ab
593 1937 664 1968 arb.
697 1937 836 1967 arbores
852 1936 939 1977 Ad.)
955 1936 1147 1976 postulabat
1165 1936 1280 1975 (-auit)
1299 1940 1335 1966 ut
1357 1936 1403 1967 illi
1425 1947 1535 1967 manu—

209 1979 314 2010 brium
332 1981 453 2012 darent
471 1982 547 2018 (sibi
567 1991 655 2012 man.
674 1982 766 2019 dare,
785 1990 872 2011 man.
891 1991 934 2011 ex
951 1980 1015 2011 illis
1036 1980 1097 2011 sibi
1123 1980 1206 2019 dari,
1227 1980 1400 2010 materiam
1424 1990 1537 2010 manu-

209 2023 271 2054 brii
300 2024 363 2055 sibi
392 2025 464 2055 clari
494 2024 592 2066 Digb.
613 2026 687 2064 172)
716 2024 964 2065 Paraphrastae
1097 2034 1116 2054 2
1142 2023 1231 2062 ligno
1259 2033 1299 2053 ml
1328 2023 1425 2063 quod.
1453 2023 1537 2054 soret

209 2067 401 2099 firmissimo
425 2069 559 2109 scripsi:
590 2069 631 2098 de
657 2068 748 2107 ligno
773 2068 861 2107 quod
886 2073 977 2098 esset
1003 2068 1103 2108 (erat)
1130 2067 1260 2098 firmum
1287 2067 1430 2106 (firmior
1453 2066 1534 2103 Ad„

209 2110 435 2142 firmissimum
463 2113 524 2143 sibi
554 2112 655 2151 lignis
680 2111 797 2152 Digb.)
912 2121 933 2151 3
957 2111 1028 2142 dari
1055 2111 1135 2142 iuss.
1163 2121 1206 2142 ex
1231 2111 1377 2141 oleastro
1404 2111 1534 2150 scripsi:

208 2154 390 2186 oleastrum
407 2158 458 2193 (-o
490 2156 662 2187 iusserunt
676 2156 791 2196 (darc)
804 2155 857 2186 uel
867 2156 1034 2186 dederunt
1046 2153 1292 2195 Paraphraslae
1300 2157 1420 2194 prat-(ci
1438 2153 1535 2194 Drgb.

208 2209 304 2238 quem
317 2199 488 2230 emendam
499 2201 569 2231 iam
588 2200 653 2231 loco
669 2201 812 2240 comperi
824 2199 938 2230 habere
955 2209 1041 2230 man.
1057 2199 1128 2229 dari
1141 2199 1205 2230 sibi
1217 2199 1260 2229 de
1273 2198 1419 2228 oleastro
1432 2197 1535 2227 iusse-

208 2248 286 2273 runt
343 2248 456 2274 cetera
473 2243 554 2280 Ad..
576 2243 663 2274 unde
683 2248 816 2274 ceterae
839 2242 934 2274 dedi:
961 2252 1077 2273 omnes
1098 2242 1213 2282 reliqui
1328 2254 1348 2280 4
1373 2241 1423 2272 lnc
1439 2242 1538 2281 mepta·

207 2287 350 2326 sumpsit
367 2287 529 2328 (accepit)
549 2287 649 2318 homo
668 2287 785 2325 (homo
803 2286 859 2316 ille
876 2285 993 2327 Digb.)
1011 2285 1088 2317 add.
1105 2285 1352 2326 Parapliraslcre
1427 2284 1536 2314 securi

207 2333 322 2369 aptato
343 2330 477 2370 scripsi:
500 2335 615 2370 aptata
637 2340 766 2369 secure,
789 2330 999 2361 abhastatum
1023 2330 1071 2367 (la.
1089 2340 1110 2360 e.
1131 2328 1341 2369 adaptatum)
1362 2327 1481 2366 securi,
1502 2328 1534 2356 in

207 2373 318 2406 securi
334 2378 490 2413 coaptato
507 2374 694 2413 manubrio,
714 2373 941 2413 imposuitque
956 2373 1067 2404 securi
1084 2372 1330 2412 Pamphmstae
1418 2371 1471 2401 illc
1488 2371 1539 2400 liic

206 2415 330 2456 addidi,
348 2417 386 2456 qfi
404 2418 557 2457 superius
571 2417 730 2447 adnotata
842 2426 952 2448 ramos
970 2427 1008 2447 ac
1025 2417 1089 2457 (et)
1108 2416 1228 2447 robora
1244 2426 1365 2455 magna
1384 2415 1535 2453 (arbores

208 2469 347 2499 magnas
364 2459 478 2501 D1gb.)
496 2460 760 2500 Pamplimsme:
786 2471 908 2500 magna
923 2461 957 2490 in
975 2471 1006 2491 u.
1019 2461 1174 2501 proximo
1184 2460 1287 2500 posui
