1747 2745
165 134 424 175 PHAEDRI
456 138 805 178 FABVLARVM

218 242 330 297 [Hac
360 259 399 284 re
430 247 617 296 probatur
647 255 839 297 quantum
870 246 1071 298 ingenium
1101 248 1231 299 ualet3

165 309 307 350 uirtute
337 318 491 362 semper
521 314 719 362 praeualet
750 311 974 366 sapientia]

651 410 658 417 ·
700 395 802 433 XIV

496 462 558 493 EX
583 462 770 494 SVTORE
797 463 1002 496 MEDICVS

217 525 367 562 MALvs
397 536 487 562 cum
518 532 627 562 sutor
656 525 790 574 inopia
818 524 1047 575 deperditus

162 588 400 628 medicinam
431 589 566 640 ignoto
597 590 723 628 facere
753 590 948 641 coepisset
978 592 1067 630 loco

159 660 197 692 et
227 654 449 694 uenditaret
479 656 577 694 falso
606 656 831 694 antidotum
862 657 1035 704 nomine,

159 719 335 758 uerbosis
364 719 578 770 adquisiuit
608 719 681 760 sibi
712 722 855 759 famam
887 720 1066 771 strophis.

159 783 222 822 hic
252 798 342 823 cum
373 784 515 825 iaceret
545 786 687 825 morbo
716 787 920 825 confectus
948 786 1056 837 graui
1473 805 1490 837 5

158 864 224 889 rex
253 852 370 899 urbis,
402 851 485 891 eius
515 852 742 903 experiendi
771 852 892 902 gratia

157 917 348 966 scyphum
378 917 582 967 poposcit:
623 919 708 956 fusa
738 917 830 957 dein
861 917 1048 958 simulans
1077 932 1180 970 aqua

157 981 258 1019 illius
289 994 330 1020 se
360 981 523 1020 miscere
552 981 734 1021 antidoto
763 981 948 1029 toxicum,

156 1045 385 1086 combibere
416 1046 526 1086 iussit
556 1046 697 1097 ipsum,
730 1046 859 1097 posito
890 1047 1075 1098 praemio.

156 1110 295 1150 timore
325 1111 459 1150 mortis
490 1112 553 1151 ille
584 1120 668 1150 tum
699 1114 902 1151 confessus
933 1120 1001 1160 est,
1452 1130 1489 1153 10

156 1189 235 1214 non
266 1176 355 1214 artis
386 1179 464 1215 ulla
497 1177 695 1216 medicum
729 1191 769 1216 se
800 1177 1018 1228 prudentia,

155 1254 290 1280 uerum
323 1249 481 1292 stupore
513 1242 631 1293 uulgi,
665 1244 811 1281 factum
843 1243 1030 1282 nobilem.

154 1321 218 1346 rex
247 1309 441 1346 aduocata
473 1309 660 1347 contione
691 1309 789 1346 haec
820 1308 965 1346 edidit:

156 1374 361 1422 ‘Quantae
392 1374 536 1423 putatis
568 1387 652 1412 esse
683 1387 755 1412 uos
786 1374 1021 1421 dementiae,

152 1438 218 1488 qui
249 1438 377 1488 capita
408 1447 535 1477 uestra
567 1452 647 1477 non
679 1438 869 1478 dubitatis
900 1440 1069 1487 credere,
1449 1457 1485 1488 15

152 1502 213 1541 cui
244 1504 478 1542 calceandos
509 1517 628 1542 nemo
660 1503 859 1542 commisit
889 1505 1061 1554 pedes?'

207 1569 299 1607 Hoc
329 1568 522 1619 pertinere
552 1582 644 1608 uere
673 1569 724 1608 ad
756 1568 843 1608 illos
873 1569 1049 1616 dixerim,

151 1646 319 1683 quorum
350 1633 513 1672 stultitia
543 1641 730 1684 quaestus
763 1633 1020 1684 inpudentiae
1050 1642 1119 1674 est.

690 1724 766 1760 XV

368 1791 536 1823 ASINVS
561 1792 625 1822 AD
653 1792 809 1824 SENEM
837 1793 1092 1826 PASTOREM

204 1854 255 1892 IN
284 1853 504 1904 principatu
536 1856 824 1893 commutando
854 1855 1001 1894 ciuium

190 1950 239 1980 13,
260 1950 298 1979 14
321 1940 388 1971 Pro
401 1941 490 1972 ualet
508 1940 660 1974 Dressler
675 1944 797 1984 polleat
815 1946 943 1976 coniecit
952 1957 966 1983 ,·
985 1944 1044 1976 sed
1057 1950 1173 1976 uersus
1190 1929 1339 1975 Phaedr'o
1355 1943 1488 1985 indigni

147 1988 226 2015 sunt
885 1987 889 1992 '

191 2027 282 2058 XIV.
309 2024 348 2057 H
369 2037 406 2067 15
497 2030 580 2062 Post
602 2042 621 2072 5
648 2045 772 2071 uersus,
793 2034 924 2074 qualem
945 2037 1021 2074 post
1041 2033 1215 2063 Hauetum
1228 2032 1333 2071 finxit
1352 2031 1482 2073 Speyer,

147 2072 238 2110 regis
276 2071 431 2102 minister
467 2076 700 2117 medicumque
740 2079 831 2109 illum
872 2083 1086 2109 arcesserent
1122 2075 1314 2107 intercidisse
1344 2075 1502 2114 creditur,

146 2114 185 2144 8*
211 2115 309 2145 uerba
326 2114 412 2146 illius
436 2127 473 2148 se
492 2130 576 2158 qnae
592 2126 669 2161 post
691 2123 843 2152 antidoto
862 2122 978 2152 lmhent
998 2120 1084 2161 PR‘,
1106 2122 1197 2151 initio
1219 2131 1334 2151 uersus
1355 2120 1487 2161 reposui

144 2158 186 2198 9*
210 2159 402 2190 combibere
421 2161 578 2193 Burman
595 2177 600 2194 ς
625 2165 760 2195 ebibere
778 2165 927 2197 Richter:
951 2166 1066 2196 bibere
1084 2164 1158 2196 PR'
1251 2164 1308 2195 11*
1332 2164 1482 2195 medicae

145 2200 307 2233 Heinsius
396 2215 433 2244 13
459 2207 565 2237 edidit
579 2207 614 2245 J.
632 2209 668 2239 F.
689 2208 828 2240 Gronov.
850 2209 1030 2239 Heinsius:
1055 2209 1182 2240 addidit
1199 2209 1263 2240 PR
1275 2209 1395 2248 Havet,
1408 2212 1484 2249 post

147 2246 305 2277 contione
338 2246 496 2279 lacunam
528 2255 679 2281 statuens
797 2254 835 2282 16
859 2253 1059 2283 calceandos
1090 2252 1199 2284 Pitlm
1240 2252 1421 2283 calcandos
1453 2251 1486 2282 Ρ

148 2290 187 2319 18
211 2290 354 2322 stultitia
369 2293 510 2332 Rzssgault
524 2305 531 2324 :
554 2294 621 2324 -iae
638 2295 704 2325 PR
773 2300 913 2334 questus
925 2294 1001 2326 PR'
1069 2296 1299 2336 impudentiae
1316 2295 1479 2336 Rz'gault:

146 2333 192 2363 -ia
208 2333 292 2365 Fitlz.
308 2347 314 2366 z
341 2336 556 2374 inprudentia
574 2337 639 2367 PR

144 2377 265 2452 ὠιὶίζυῖῐζὶ
286 2376 398 2453 gaia
516 2391 527 2410 1
556 2381 679 2412 ciuium
705 2382 873 2424 s<aJepius
898 2381 991 2414 PR':
1028 2383 1163 2425 saepius
1188 2382 1304 2414 deleuit
1327 2381 1476 2424 Rgrault,
