1747 2745
538 163 826 200 APPENDIX
860 163 925 201 PE
935 163 1188 202 RO‘rTINA
1221 162 1528 201 XXVI-XXIX

194 271 448 317 contendant,
481 284 554 322 ego
584 280 621 311 te
651 271 805 321 plurimi
838 271 938 310 facio
969 281 1098 310 tamen
1117 273 1133 309 ’.
1513 289 1528 318 5

195 335 359 383 iuuenis,
391 337 600 374 recordans
630 335 813 385 quotiens
843 337 1034 386 deceptus
1065 337 1173 382 soret,

196 400 441 440 ‘Lubenter’
470 402 597 452 inquit
629 405 738 440 ‘mea
767 402 842 448 lux,
875 403 976 439 lianc
1008 415 1148 440 uocem
1179 402 1312 447 audio,

193 477 272 502 non
303 466 413 515 quod
443 464 582 512 fidelis,
612 466 683 504 sed
711 467 820 515 quod
852 465 1024 505 iucunda
1054 479 1095 504 es
1128 465 1254 504 inihi’.

696 545 714 564 *
775 544 792 564 *

659 631 844 668 XXVIII

676 714 823 745 FlBER

237 789 332 821 Multi
353 790 507 822 uiuerent
525 790 554 821 si
571 789 684 821 salutis
702 789 808 829 gratia
828 789 922 829 parui
943 788 1090 820 facerent
1109 789 1260 821 fortunas

244 866 387 906 CANES
416 867 585 916 effugere
613 878 703 903 cum
734 864 811 902 iam
842 877 923 903 non
955 864 1077 914 possit
1109 864 1205 904 fiber

190 930 347 978 (Graeci
379 931 564 980 loquaces
595 942 713 979 quem
744 929 926 967 dixerunt
956 938 1149 968 castorem

188 1002 226 1033 et
257 994 484 1034 indiderunt
514 993 663 1033 bestiae
693 1006 839 1032 nornen
871 993 946 1039 dei,

188 1060 240 1097 illi
271 1060 338 1110 qui
370 1061 514 1099 iactant
543 1073 583 1098 se
613 1058 825 1097 uerborum
857 1058 1001 1108 copia),

187 1125 364 1176 abripere
395 1138 526 1164 morsu
557 1125 675 1163 fertur
705 1122 907 1162 testiculos
937 1122 1024 1170 sibi,
1508 1140 1525 1171 5

187 1191 278 1240 quia
309 1197 466 1240 propter
495 1188 581 1227 illos
611 1187 753 1227 sentiat
784 1200 870 1226 sese
900 1187 992 1238 peti.

186 1253 322 1293 diuina
352 1254 460 1304 quod
491 1254 640 1292 ratione
670 1251 752 1290 fieri
783 1264 864 1290 non
897 1265 1063 1302 negem3

187 1328 350 1359 uenator
380 1331 562 1370 namque,
595 1317 712 1356 simul
744 1317 897 1356 inuenit
929 1318 1159 1368 praemium,

185 1385 329 1423 omittit
361 1386 487 1435 ipsum
519 1385 700 1435 persequi
732 1391 770 1422 et
802 1392 960 1422 reuocat
990 1397 1118 1423 canes.

242 1451 332 1489 Hoc
362 1451 392 1487 si
424 1456 618 1499 praestare
648 1455 810 1498 possent
843 1447 1024 1486 homines
1054 1457 1095 1487 ut
1126 1462 1196 1488 suo
1486 1466 1521 1488 ιο

185 1515 331 1553 uellent
361 1526 502 1560 carere,
533 1512 605 1551 tuti
638 1513 803 1562 posthac
836 1511 1014 1550 uiuerent
1031 1527 1040 1559 ς

186 1579 289 1617 hand
321 1578 528 1629 quisquam
561 1576 721 1616 insidias
753 1578 862 1616 nudo
894 1577 1036 1616 faceret
1067 1578 1229 1628 corpori.

693 1686 835 1723 XXIX

528 1759 728 1793 PAPILIO
753 1759 820 1791 ET
843 1759 996 1791 VESPA

186 1829 259 1861 Non
279 1829 491 1869 praeteritam
509 1828 568 1859 sed
586 1832 801 1868 praesentem
821 1826 1051 1867 aspiciendam
1071 1838 1144 1859 esse
1162 1829 1329 1860 fortunam

238 1899 409 1934 PApimo
438 1907 599 1945 uespam
630 1905 752 1945 prope
784 1894 986 1933 uolantem
1019 1893 1194 1934 uiderat:

223 2001 245 2031 6
269 2000 420 2039 direptus
440 1999 473 2029 V
572 2000 612 2030 8*
636 2009 674 2030 es
697 1998 759 2030 Ro.
778 1998 953 2038 Jannelli:
978 2000 1024 2030 sis
1050 1999 1168 2030 11⁷1'ss.:
1195 2003 1246 2029 est
1266 1983 1339 2029 NV.
1388 1998 1470 2030 Post
1488 2000 1518 2029 lt.

181 2055 212 2074 η.
227 2043 469 2083 Pamplrrastae
480 2043 625 2074 exhibent
635 2043 683 2074 sic
696 2042 810 2074 uerbis
825 2048 940 2074 mutuo
955 2053 992 2074 se
1012 2043 1065 2083 (se
1081 2046 1213 2074 mutuo]
1230 2041 1426 2073 deluserunt
1441 2042 1520 2074 R0.:

182 2086 291 2117 uerbis
314 2097 504 2119 sermonem
529 2087 673 2119 inuicem
698 2096 736 2118 se
753 2086 913 2118 luxerunt
934 2085 1030 2118 Wiss.
1054 2085 1167 2129 (plura
1182 2086 1282 2117 etiam
1305 2084 1417 2126 W'ss.)
1437 2085 1522 2117 unde

179 2130 294 2160 com'eci
308 2134 346 2161 ut
359 2131 403 2161 sit
417 2132 438 2161 8
454 2131 474 2161 b

510 2174 557 2206 sic
582 2174 695 2204 uerbis
723 2173 768 2204 illi
795 2184 832 2204 se
859 2173 1010 2204 luserunt
1037 2173 1182 2204 inuicem

223 2216 374 2248 XXVIII
396 2217 541 2257 (XXX).
566 2213 605 2248 H
622 2226 692 2256 133.
763 2227 781 2256 5
808 2217 912 2248 fertur
925 2217 976 2249 N:
1003 2217 1113 2248 ferunt
1128 2216 1160 2247 V
1220 2217 1242 2246 6
1265 2216 1518 2254 seseJmmelli:

177 2270 215 2292 se
233 2259 301 2290 NV
387 2271 404 2300 7
431 2270 552 2300 negem
572 2259 623 2290 N:
651 2265 778 2300 negent
801 2260 832 2290 V
916 2261 954 2290 8*
980 2261 1164 2298 praemium
1185 2259 1308 2292 Rank:
1334 2260 1517 2290 remedium

177 2303 249 2334 NV
377 2315 398 2344 9
422 2308 558 2335 reuocat
591 2303 775 2335 Froehliclz:
819 2310 914 2334 uocat
948 2303 1017 2334 NV
1155 2314 1194 2335 10
1218 2313 1279 2334 suo
1314 2302 1367 2334 N:
1407 2302 1459 2334 sui
1495 2302 1525 2332 V

183 2357 215 2378 11
243 2357 359 2379 carere
377 2347 438 2379 tuti
453 2346 624 2385 jannelli:
650 2352 779 2378 careret
799 2347 843 2378 nti
861 2346 931 2377 NV

178 2390 348 2466 Ποιὶὲῐὶὶζῑὲὶῐξι
371 2389 538 2464 βίΧΧῘ),
577 2387 618 2422 H
645 2399 715 2430 135.
823 2389 856 2420 1*
882 2400 987 2431 prope
1020 2390 1187 2422 uolantem
1214 2389 1349 2430 scripsi:
1390 2394 1519 2430 preter-

248 2499 340 2522 ιιι-38
1409 2488 1428 2517 7
