1747 2745
762 178 811 215 LI
822 178 930 215 BER
961 178 1205 216 TERTIVS
1237 178 1485 216 XVI-XVII

158 288 330 332 potarest
359 282 515 322 animus
544 292 688 331 nectar,
721 287 829 335 quod
861 287 988 325 Pallas
1018 285 1114 325 mihi

156 358 281 397 nuper
309 349 495 388 donauit:
534 348 564 387 si
595 362 676 388 non
708 350 868 397 fastidis,
902 350 1019 399 ueni;

155 423 234 449 una
262 409 445 450 bibamus
460 414 478 451 ’.
538 414 612 460 illa,
645 426 747 464 quae
775 414 909 454 arebat
939 415 1013 463 siti,
1450 431 1487 464 15

155 475 271 514 simul
299 477 498 527 gaudebat
528 490 668 517 uocem
700 479 847 518 laudari
879 493 1001 527 suam,

155 540 300 591 cupide
327 542 544 581 aduolauit.
602 552 760 592 noctua,
793 545 958 584 obsesso
986 558 1098 593 cau0‚

155 605 418 656 trepidantem
448 616 676 648 consectata
705 618 762 648 est
793 617 831 648 et
860 611 940 649 leto
969 609 1091 649 dedit.

155 671 223 720 sic,
253 671 347 710 uiua
375 674 485 723 quod
514 682 685 726 negarat,
716 675 850 714 tribuit
881 684 1046 715 mortua.

613 868 735 906 XVII

308 963 536 996 ARBORES
562 964 609 995 IN
637 963 834 996 DEORVM
860 963 1044 995 TVTELA

210 1052 341 1101 Qum,
369 1066 466 1104 quas
496 1055 643 1093 uellent
675 1067 759 1093 esse
790 1055 828 1092 in
859 1055 981 1093 tutela
1011 1067 1091 1102 sua,

155 1116 238 1156 diui
266 1119 445 1169 legerunt
473 1119 644 1158 arbores.
702 1132 869 1169 quercus
901 1118 1001 1166 Ioui,

154 1190 194 1221 at
224 1191 371 1233 myrtus
401 1185 545 1222 Veneri
576 1184 734 1234 placuit,
768 1183 933 1223 Phoebo
962 1185 1104 1230 laurea,

155 1247 272 1299 pinus
303 1248 501 1299 Cybebae,
534 1250 704 1300 populus
733 1250 838 1288 celsa
868 1249 1045 1288 Herculi.

158 1313 341 1354 Minerua
369 1314 568 1354 admirans
597 1327 718 1365 quare
748 1314 886 1354 sterilis
917 1321 1115 1353 sumerent
1469 1331 1486 1361 5

156 1379 421 1431 interrogauit.
480 1393 638 1419 causam
669 1379 765 1419 dixit
796 1379 995 1429 Iuppiter:
1109 1382 1112 1387 '

158 1447 391 1485 ‘Honorem
423 1447 549 1484 fructu
579 1458 629 1484 ne
658 1444 862 1484 uideamur
891 1445 1063 1484 uendere
1077 1445 1095 1482 '.

159 1512 235 1549 ‘At
266 1511 509 1550 mehercules
539 1509 710 1548 narrabit
739 1510 847 1560 quod
877 1510 964 1560 quis
994 1508 1171 1556 uoluerit,

156 1574 261 1614 oliua
291 1575 408 1615 nobis
438 1583 596 1626 propter
626 1576 794 1613 fructum
824 1582 883 1613 est
911 1573 1077 1624 gratior.'

156 1649 241 1680 tum
271 1640 327 1679 sic
356 1642 522 1680 deorum
552 1639 705 1691 genitor
733 1647 852 1690 atque
882 1639 1089 1678 hominum
1120 1646 1245 1678 sator:
1451 1655 1488 1676 10

158 1706 218 1746 ‘O
249 1712 350 1753 nata,
382 1705 522 1744 merito
553 1705 707 1756 sapiens
737 1705 867 1744 dicere
896 1705 1091 1744 omnibus.

157 1771 232 1811 nisi
261 1771 357 1810 utile
386 1779 445 1811 est
475 1772 584 1822 quod
614 1770 788 1817 facimus,
821 1771 938 1809 stulta
967 1778 1024 1809 est
1053 1770 1174 1821 gloria
1188 1771 1206 1808 '.

212 1837 322 1877 Nihil
351 1851 465 1889 agere
495 1838 604 1888 quod
634 1850 714 1876 non
743 1837 864 1887 prosit
895 1835 1036 1874 fabella
1065 1837 1263 1875 admonet.

204 1952 243 1982 13
267 1947 420 1982 potarest
440 1937 566 1973 Orelltt'
589 1947 706 1982 potare
720 1945 770 1971 est
784 1938 835 1970 P:
861 1940 1030 1979 potareQet
1049 1940 1095 1978 V)
1113 1939 1139 1969 si
1154 1938 1223 1969 NV
1332 1949 1369 1977 15
1394 1940 1488 1970 arde·
1503 1968 1512 1971 ,

158 1986 219 2018 bat
235 1985 269 2016 P
352 1985 409 2016 16*
433 1986 603 2025 gaudebat
621 1985 691 2015 NV
702 1982 790 2024 quod
805 1983 952 2023 reposui:
977 1982 1134 2022 cognouit
1151 1981 1184 2012 P
1288 1991 1324 2021 17
1349 1983 1488 2014 obsesso

156 2029 245 2060 NV:
269 2040 409 2070 egressa
424 2030 457 2061 P
473 2040 504 2060 η’
520 2040 585 2060 non
604 2029 756 2059 intcllccta

202 2071 311 2106 XVII.
338 2070 378 2104 H
392 2075 444 2104 61.
513 2072 624 2104 Habet
635 2072 787 2103 Perottus
799 2082 875 2103 cum
893 2070 988 2102 titulo
1005 2079 1104 2100 xum
1122 2078 1289 2099 Actxnvm
1308 2078 1401 2105 Qvot)
1419 2079 1487 2100 NON

158 2126 287 2148 PRosu·
301 2117 363 2158 qui
379 2117 479 2148 etiam
497 2117 531 2148 in
551 2117 665 2149 Cornu
684 2115 800 2156 Copiae
819 2125 880 2146 suo
896 2126 926 2146 a.
950 2123 1034 2152 1470
1049 2113 1132 2144 edito
1142 2112 1305 2152 fabellam
1324 2113 1433 2152 repetit
1451 2124 1490 2143 ex

156 2160 190 2190 A
196 2161 297 2191 uiano
312 2159 403 2200 quod
415 2160 491 2192 dicit
506 2161 646 2191 iambico
664 2160 808 2191 carmine
823 2159 1021 2189 translatam
1111 2166 1130 2195 3
1154 2162 1187 2186 at
1202 2155 1365 2186 Heinsius
1379 2167 1386 2186 z
1411 2161 1443 2186 et
1460 2155 1492 2186 P

158 2208 290 2243 myrtos
305 2203 371 2235 PR
461 2204 570 2244 poebo
587 2203 664 2234 PR'
767 2202 879 2233 laurus
895 2201 965 2232 NV
1054 2211 1074 2239 4
1099 2199 1260 2239 Cybebae
1279 2210 1316 2230 r:
1340 2199 1488 2238 cybebae

156 2252 333 2287 suprascr.
348 2252 501 2288 neptuno
514 2247 580 2278 R':
605 2247 731 2277 cibebe.
749 2251 901 2285 neptuno
915 2244 964 2275 P:
989 2249 1165 2283 neptunno
1178 2242 1248 2273 NV
1313 2253 1332 2281 5
1357 2243 1489 2273 steriles

156 2289 191 2320 P
287 2300 305 2330 7
330 2291 492 2322 honorem
510 2290 598 2321 NV:
623 2291 750 2320 honore
768 2289 800 2319 P
886 2289 994 2319 fructu
1016 2287 1063 2318 V:
1089 2287 1215 2318 fructus
1228 2285 1265 2316 N
1277 2290 1434 2326 expuncto
1451 2296 1466 2317 s
1481 2296 1488 2316 :

157 2333 304 2365 fructum
321 2333 356 2364 P
451 2334 632 2365 uideantur
647 2333 799 2364 Perottus
814 2333 849 2363 in
869 2332 980 2363 Cornu
999 2331 1114 2371 Copiae
1205 2330 1226 2360 8
1250 2328 1442 2360 mehercule
1459 2328 1492 2359 P

158 2377 312 2408 narrabit
327 2377 417 2408 Pith.
434 2388 442 2408 τ
466 2377 619 2409 narrauit
634 2376 732 2410 PR':
757 2376 865 2414 inquit
880 2375 950 2406 NV
1011 2375 1151 2415 quisque
1168 2372 1240 2404 NV
1304 2383 1325 2412 9
1348 2372 1487 2403 fructum

158 2430 194 2450 r:
219 2419 348 2452 fructus
364 2421 501 2452 PRNV
588 2420 645 2452 ιο*
670 2426 738 2451 tum
756 2419 838 2450 NV:
866 2425 945 2450 tunc
960 2418 993 2448 P
1079 2417 1213 2457 genitor
1229 2415 1315 2447 NV:
1339 2415 1487 2456 gentium

159 2464 223 2495 PR
318 2475 353 2503 ¹3
378 2476 442 2496 om.
465 2464 536 2495 NV.
559 2464 617 2496 scd
629 2465 665 2502 cs
686 2465 731 2494 tit.
825 2463 876 2493 Nil
896 2462 1037 2502 Sclugffcr
