1747 2745
427 155 901 194 ADDITAMENTVM
943 156 1224 195 CRI‘I'ICYM

253 274 284 302 4.
303 273 333 303 5.
361 264 448 303 quod
465 262 605 294 coniecit
627 263 742 293 Nauck
764 263 1034 294 sudore—labore
1057 269 1090 294 et
1113 264 1223 294 uerbis
1243 264 1438 296 concinnius
1459 271 1492 297 ct

167 317 382 338 numerorum
401 307 509 347 primo
532 307 690 338 tarditate
709 317 786 337 mox
804 306 974 337 celeritate
991 308 1032 337 ad
1052 318 1119 338 rem
1139 308 1242 347 ipsam
1260 311 1490 340 accommoda-

166 350 256 390 tius3
280 351 320 382 cs.
342 350 444 382 Hom.
465 349 527 381 Od.
546 350 590 380 xi.
610 351 683 388 598.

253 396 284 425 6.
311 394 405 424 nullo
418 395 492 434 fine
515 393 578 424 Ou.
605 404 644 423 cx
659 392 753 425 Pont.
780 393 797 425 i.
829 404 854 424 1.
882 404 932 432 74.
979 395 1159 433 cogitaram
1187 395 1286 425 etiam
1312 397 1353 426 dc
1377 397 1491 436 sempi-

168 441 291 476 ternas,
303 437 342 468 cs.
358 437 428 469 Cic.
441 437 543 468 Tusc.
557 436 577 467 i.
589 447 618 476 9,
634 436 721 467 idem
734 437 853 476 definc
867 437 1005 477 dcmpm,
1021 438 1118 468 modo
1132 439 1172 468 de
1186 439 1301 469 ordine
1316 439 1491 470 uerborum

167 486 348 512 constaret.

257 534 306 564 15.
345 523 503 555 maim‘cm
532 527 633 554 terrae
658 523 766 554 locum
792 533 911 555 uereor
936 530 969 554 ut
997 524 1139 555 Phaedri
1165 526 1217 558 sit.
1244 525 1306 556 etsi
1335 527 1492 557 maiorem

166 568 272 599 locum
290 578 352 608 per
367 578 404 598 se
421 568 555 607 quidem
574 567 657 598 nihil
674 568 874 598 offensionis
892 568 993 598 habet
1012 575 1045 598 ut
1062 569 1149 607 apud
1169 570 1331 599 Senecam
1349 570 1390 600 Ν.
1406 570 1443 608 Q.
1461 571 1491 601 ii.

168 622 219 651 27.
243 623 275 652 ⁴,
299 611 457 651 idemque
481 611 565 643 dixit
592 612 626 641 in
657 610 792 650 Thyesta
816 621 852 641 21
884 611 1040 650 *regione
1067 612 1220 651 quicquid
1253 613 1351 652 impia
1383 620 1491 644 cessat

166 655 254 687 Ioci'.

211 699 254 730 vi.
278 709 327 739 13.
353 700 513 740 castigarc
538 709 557 729 a
585 698 815 739 grammaticis
843 698 974 729 uidetur
1002 699 1156 735 uenisse;
1187 700 1307 739 Caper,
1337 699 1390 730 Gr.
1419 700 1491 732 Lat.

170 742 282 783 (Keil)
321 742 389 774 viii.
433 753 504 782 104.
544 752 564 781 3
595 743 788 783 ‘castigarat
820 752 872 773 me
908 742 954 772 uti
987 741 1090 778 dicas,
1126 753 1191 772 non
1225 744 1377 784 corripuit
1406 754 1457 773 me
1472 745 1492 775 ¹.

170 792 347 825 utrumque
371 786 467 817 simul
494 786 666 817 quenalis
684 787 749 817 xiv.
770 795 822 825 54.
869 787 1030 826 exagitate
1053 786 1128 816 olim
1154 786 1284 816 conieci
1303 786 1493 827 recepitque

169 829 268 861 Gow.

212 874 279 906 viii.
296 884 347 905 20.
375 884 449 904 nero
472 873 523 905 bis
539 874 704 905 exhibent
721 873 856 904 codices
873 872 957 903 insra
974 878 1179 913 corruptum,
1200 874 1323 913 uirum,
1344 878 1376 904 et
1393 884 1494 913 supra

169 917 392 948 emendatum.

256 961 308 992 28.
336 961 495 992 Burmani
521 961 735 993 coniecturae
754 961 906 1001 'quodam
931 960 1029 991 modo
1054 961 1143 991 fauet
1167 960 1378 1001 Quadrigarii
1404 962 1435 991 in
1460 972 1494 992 rc

170 1004 271 1035 simili
288 1003 381 1036 locus
397 1015 451 1045 ap.
470 1005 615 1036 Gellium
634 1005 678 1038 ix.
700 1014 748 1044 13.
770 1005 808 1035 18
827 1006 835 1022 ⁴
849 1009 948 1044 caput
964 1004 1125 1044 praecidit
1137 1004 1153 1035 '.

214 1048 259 1079 ix.
281 1057 294 1078 1
307 1058 336 1081 a.
362 1049 527 1089 omnibus,
547 1049 634 1088 quod
652 1059 713 1089 per
728 1048 1027 1088 homoeographon
1040 1048 1127 1078 -r'bus
1137 1048 1300 1079 excidisse
1312 1049 1493 1087 putandum

172 1096 233 1129 est,
248 1097 282 1122 et
291 1093 520 1132 praesentibus
533 1092 711 1123 sollemnia
723 1096 804 1123 sunt
819 1092 852 1122 in
868 1101 903 1122 re
917 1091 992 1131 tali;
1017 1091 1059 1124 cf.
1070 1091 1136 1123 Ou.
1151 1092 1227 1123 Met.
1243 1093 1309 1123 xiv.
1323 1094 1385 1123 812
1399 1095 1407 1109 ‘
1420 1103 1494 1123 con-

171 1135 249 1166 cilio
266 1136 435 1176 quondam
457 1141 638 1176 praesente
659 1135 820 1167 deorum'
840 1141 874 1166 et
897 1135 1004 1166 Plaut.
1025 1135 1143 1166 Pseud.
1166 1146 1224 1175 125
1241 1146 1290 1175 sq.
1313 1137 1408 1166 ‘dico
1428 1146 1495 1167 om-

172 1179 273 1210 nibus
316 1179 405 1219 pube
422 1180 593 1220 praesenti
610 1180 643 1210 in
661 1180 819 1210 contione
836 1179 926 1209 omni
944 1178 1044 1218 poplo
1055 1178 1074 1210 '.

263 1233 276 1254 1
315 1248 322 1256 .
348 1224 470 1257 man'ta
488 1223 572 1254 luno
588 1224 812 1254 notissimum.
861 1222 975 1263 quippe
990 1222 1111 1253 dictum
1129 1228 1180 1254 est
1193 1228 1229 1254 ut
1246 1223 1278 1253 in
1295 1223 1319 1254 I.
1335 1223 1448 1254 xxviii.
1466 1234 1496 1262 7,

174 1265 235 1298 111.
254 1266 286 1299 ii.
303 1277 334 1307 5.
382 1278 450 1298 uno
465 1271 629 1298 contentae
647 1267 719 1298 uiro
734 1266 907 1298 sollemnis
919 1266 952 1296 in
966 1266 1028 1296 hac
1041 1277 1076 1297 re
1088 1266 1222 1306 locutio,
1233 1267 1329 1297 cuius
1341 1267 1497 1307 exempla

172 1311 232 1341 tibi
248 1311 434 1351 praestabit
450 1311 523 1351 ipse
540 1311 735 1342 Thesaurus
753 1310 894 1341 Latinus
910 1321 938 1341 s.
950 1320 982 1341 ιι.
997 1320 1027 1350 p.
1046 1311 1120 1350 679.
1138 1312 1181 1341 66
1195 1321 1269 1350 sqq.

259 1365 289 1387 2.
317 1355 433 1396 repellit
456 1365 518 1394 pro
540 1355 842 1395 interpretamento
867 1354 968 1384 habui
993 1353 1067 1385 coll.
1088 1354 1188 1394 Corp.
1210 1354 1261 1386 Gl.
1282 1354 1323 1386 iv.
1342 1355 1405 1394 562
1424 1356 1430 1370 ‘
1446 1364 1496 1384 re-

173 1398 337 1438 pudiare:
361 1398 567 1438 repellere’;
592 1399 634 1431 cs.
653 1399 695 1430 ib.
714 1409 746 1430 v.
765 1408 840 1438 479.
889 1398 950 1429 suit
974 1397 1029 1428 ubi
1054 1399 1096 1429 de
1120 1408 1185 1428 non
1211 1398 1292 1430 reia?
1314 1398 1494 1437 cogitarem

173 1441 247 1473 coll.
266 1442 344 1475 Ter.
362 1441 425 1474 Ph.
447 1443 494 1482 18,
515 1453 588 1482 717.

260 1486 323 1526 3b.
349 1485 413 1517 hoc
431 1496 473 1516 ex
490 1496 591 1517 uersu
612 1485 798 1518 clarissime
817 1489 959 1525 apparet
982 1485 1059 1525 quid
1082 1484 1113 1516 in
1136 1485 1210 1516 loco
1231 1484 1316 1516 male
1341 1490 1495 1526 corrupto

173 1535 327 1570 grassata
351 1530 460 1570 possit
483 1530 626 1563 inscitia.
680 1530 782 1561 homo
808 1529 965 1569 insulsus,
985 1539 1080 1568 quem
1101 1529 1177 1569 quia
1194 1529 1260 1560 alio
1277 1528 1414 1560 nomine
1430 1539 1494 1560 non

173 1583 355 1614 possumus
370 1573 579 1613 appellemus
596 1574 790 1611 Romulum,
807 1574 968 1613 quamuis
981 1574 1044 1613 (sc.
1065 1574 1072 1590 ‘
1086 1573 1298 1612 quantumuis
1311 1574 1349 1613 ')‚
1365 1582 1438 1604 cum
1455 1573 1495 1604 ad

168 1619 344 1658 patientem
368 1623 552 1657 spectaret,
580 1618 622 1648 ad
642 1618 809 1659 gallinam
833 1617 982 1657 attraxit,
1011 1626 1141 1648 necnon
1164 1617 1342 1657 patientem
1364 1621 1398 1647 et
1422 1617 1497 1647 taci-

175 1664 326 1701 turnum,
351 1660 487 1702 lanificii
507 1661 646 1692 miseras
671 1661 842 1701 reliquias,
869 1666 903 1691 et
926 1660 1016 1700 quod
1040 1671 1083 1691 ex
1111 1660 1312 1692 domisedam
1328 1660 1400 1691 siue
1425 1660 1496 1700 ipse

174 1704 249 1736 siue
273 1705 358 1736 alius
383 1705 508 1736 fecerat
531 1705 754 1738 domesticam,
801 1709 983 1736 euaserunt
1011 1704 1122 1744 itaque
1150 1704 1207 1734 tibi
1238 1705 1330 1735 ‘cum
1358 1704 1497 1734 interro-

174 1753 270 1788 garet
284 1749 460 1790 pauentem
478 1754 512 1780 et
535 1750 736 1780 taciturnum
755 1748 987 1779 domesticam’
1011 1750 1111 1787 <quas
1135 1748 1252 1778 uellem
1277 1748 1375 1778 etiam
1398 1747 1496 1778 hodie

177 1792 378 1825 haberemus
389 1797 458 1825 tam
469 1793 614 1831 gallinas
626 1803 726 1833 quam
743 1791 904 1834 seminas)
925 1793 1036 1823 ‘suam
1055 1791 1231 1831 gallinam’
1250 1791 1324 1830 Ro„
1342 1801 1383 1822 ex
1403 1794 1496 1831 parte

175 1836 229 1867 uel
255 1836 380 1877 peiora.
427 1836 547 1876 quibus
570 1847 613 1868 ex
638 1836 815 1877 parietinis
838 1845 937 1876 quam
963 1836 1111 1866 eruimus
1139 1835 1353 1874 sententiam,
1387 1843 1496 1874 neque

177 1881 241 1921 ipsi
267 1881 328 1920 rei,
355 1880 517 1911 Iunoniae
541 1880 705 1911 castitatis
723 1879 826 1920 laudi,
851 1879 1081 1918 incongruens
1102 1884 1154 1909 cst
1177 1889 1286 1918 neque
1307 1889 1326 1908 a
1346 1878 1496 1908 Phaedro

176 1924 307 1963 aliena;
331 1924 373 1956 cs.
394 1924 448 1956 1V.
469 1935 499 1956 v.
519 1934 620 1964 5,.35.
669 1924 944 1964 lanificiipattens
964 1923 1088 1953 dictum
1114 1927 1148 1952 ut
1165 1921 1315 1961 ‘patiens
1340 1920 1496 1952 iniuriae’

178 1967 204 2000 l.
218 1979 248 2000 v.
263 1979 295 2008 3.
338 1967 554 2008 cionn'sedam,
579 1968 710 1999 Graece
728 1967 883 2007 οἰκουρόν,
900 1966 987 1998 tituli
1004 1965 1210 2005 sepulcrales
1227 1975 1300 1996 cum
1319 1969 1492 2003 testantur,

176 2017 245 2043 tum
264 2013 536 2053 interpretantur,
557 2018 592 2043 ut
609 2012 647 2044 C.
664 2012 689 2044 l.
703 2012 739 2044 L.
759 2012 802 2043 vi.
824 2013 928 2042 11602
947 2009 1153 2050 (Buecheler
1169 2010 1246 2049 237)
1265 2019 1294 2040 u.
1315 2019 1333 2038 2
1350 2007 1497 2047 ‘Ianffica

176 2053 233 2097 pia
256 2057 378 2096 pudica
393 2056 480 2098 frugi
497 2062 589 2089 casta
604 2055 792 2087 domiseda’
811 2061 844 2087 et
860 2055 897 2088 C.
918 2055 942 2086 1.
964 2054 998 2084 L.
1018 2054 1037 2085 i.
1059 2063 1139 2092 1007
1161 2053 1320 2083 ‘domum
1342 2052 1495 2082 seruauit.

175 2101 384 2140 Ianamfict't.
433 2101 515 2133 dixi.
563 2101 636 2132 abei
648 2100 666 2132 ’.

263 2155 295 2185 9.
317 2145 417 2186 plane
433 2156 507 2176 cum
524 2145 631 2176 immo
649 2144 921 2184 coniungendum
939 2146 992 2173 est
1009 2146 1043 2172 ut
1059 2141 1147 2181 apud
1166 2140 1314 2170 Plautum
1330 2138 1403 2169 Mil.
1421 2139 1495 2177 462.

266 2198 315 2220 ιο.
341 2199 381 2219 ex
398 2192 460 2219 toto
477 2204 504 2215 ε
524 2189 556 2221 h.
576 2199 606 2220 e.
629 2188 808 2219 ‘omnino’
829 2192 863 2218 ut
882 2188 1012 2218 Seneca
1029 2195 1096 2215 non
1115 2194 1180 2214 uno
1198 2184 1280 2214 loeo.
1430 2223 1437 2230 ⁸

220 2232 266 2263 xi.
287 2244 317 2271 4.
341 2243 463 2264 saeuus
475 2232 533 2265 ille.
592 2232 641 2263 sic
661 2231 834 2271 ‘placidus
855 2230 944 2270 ille’,
964 2230 996 2260 h.
1009 2239 1038 2259 e.
1060 2229 1148 2258 ‘non
1166 2227 1323 2257 saeuiens
1335 2224 1413 2274 ’‚‘11.
1429 2234 1450 2256 1.
1465 2234 1494 2263 7,

181 2277 234 2307 ‘at
249 2275 306 2307 ine
325 2275 437 2307 lentus
449 2275 456 2286 ¹
475 2275 498 2308 I.
516 2287 572 2308 xv.
599 2286 629 2314 7.
677 2275 767 2315 quod
786 2275 829 2305 ad
845 2284 969 2305 saeuus
984 2272 1105 2302 attinet
1122 2271 1163 2302 cf.
1180 2269 1263 2301 Hor.
1280 2268 1340 2310 Ep.
1358 2269 1390 2299 xi.
1409 2278 1439 2298 2.
1457 2277 1495 2315 ξι

177 2324 211 2350 et
227 2319 330 2359 Verg.
348 2318 435 2351 Aen.
454 2320 496 2350 vi.
515 2329 578 2359 544
600 2320 663 2350 ‘ne
680 2317 785 2357 saeui,
812 2327 932 2358 magna
950 2315 1110 2348 sacerdos
1121 2314 1141 2353 ’‚
1162 2314 1194 2344 h.
1207 2323 1237 2362 e:
1261 2314 1270 2332 ⁴
1283 2311 1350 2343 noli
1371 2310 1496 2342 irasci’.

178 2362 347 2398 ualuisset.
367 2362 642 2402 interpunctione
660 2361 786 2393 rariore
803 2361 864 2392 sed
880 2360 980 2399 licita,
1001 2358 1088 2398 quod
1107 2357 1233 2389 Haueti
1251 2365 1349 2387 causa
1366 2363 1496 2385 moneo.

263 2407 295 2444 8,
313 2415 344 2445 9.
370 2405 420 2438 Cl.
439 2405 480 2445 Q.
498 2408 552 2445 96.

221 2449 290 2480 xiii.
310 2458 339 2488 5.
366 2448 407 2481 A.
426 2449 457 2488 J.
478 2448 538 2482 Ph.
557 2459 630 2490 390.

794 2505 879 2529 xxm
