1747 2745
213 151 550 189 PHAEDRIAN
559 154 592 189 A
603 154 633 189 1<
641 154 671 188 V
680 154 721 189 M
755 154 896 190 fuxssv
906 154 972 190 LA
981 154 1101 190 RVM

211 271 291 297 AVE
321 261 531 308 exaudiust,
563 270 601 300 et
631 270 803 300 moratus
833 263 1049 312 paululum,

209 325 351 363 adesse
379 333 420 364 ut
451 327 549 364 uidit
579 328 741 374 nullum,
773 326 960 377 corripuit
989 329 1163 377 gradum.

210 389 352 429 iterum
380 393 520 429 salutat
550 390 654 429 idem
687 405 733 429 ex
762 394 920 430 occulto
952 405 1082 433 sonus,

210 468 311 493 uoce
340 456 524 506 hospitali
553 458 808 495 confirmatus
837 459 989 505 restitit,
1526 476 1542 508 5

210 527 264 567 ut,
295 521 472 570 quisquis
503 529 614 568 esset,
648 535 716 571 par
745 522 916 560 officium
946 522 1147 572 reciperet.

209 598 303 623 cum
332 585 667 636 circumspectans
697 599 801 624 error
832 586 1019 625 haesisset
1051 587 1116 625 diu

209 658 246 688 et
278 650 512 700 perdidisset
543 658 698 701 tempus
728 652 878 702 aliquot
907 652 1070 700 milium,

210 716 384 754 ostendit
414 728 500 754 sese
527 729 680 764 coruus,
713 725 751 755 et
782 719 1050 767 superuolans,

210 792 290 818 Avss
320 793 444 830 usque
476 780 643 831 ingessit.
702 791 784 820 tum
816 795 856 820 se
888 784 1016 821 lusum
1049 785 1276 834 intellegens
1505 801 1543 822 10

213 847 287 884 ‘At
318 848 420 884 male
450 846 517 884 tibi
551 846 622 894 sit,y
653 847 779 897 inquit
809 850 912 886 ‘ales
944 849 1122 898 pessime,

210 912 276 961 qui
307 911 525 950 festinantis
556 912 609 950 sic
640 912 841 951 detinuisti
871 915 992 964 pedes
1011 915 1028 951 “.

680 1059 803 1097 XXII

472 1156 664 1188 PASTOR
689 1157 756 1188 ET
777 1158 996 1189 CAPELLA

342 1243 432 1273 Nihil
450 1243 495 1274 ita
513 1243 680 1274 occultum
698 1254 773 1274 esse
791 1245 879 1284 quod
897 1255 966 1275 non
985 1244 1156 1277 reueletur

265 1332 430 1369 PASTOR
460 1331 633 1380 capellae
664 1343 785 1368 cornu
817 1331 960 1369 baculo
991 1333 1178 1382 fregerat:

209 1409 343 1446 rogare
373 1397 503 1445 coepit
534 1409 582 1433 ne
614 1408 655 1433 se
685 1394 849 1433 domino
881 1397 1072 1445 proderet.

235 1460 431 1510 Quamuis
463 1459 622 1509 indigne
653 1461 756 1498 laesa
787 1460 960 1498 reticebo
990 1462 1149 1510 tani⁵en3
1523 1476 1540 1508 5

208 1528 276 1565 sed
309 1539 367 1564 res
401 1525 585 1563 clamabit
618 1526 700 1574 ipsa
731 1526 826 1573 quid
857 1525 1094 1575 deliqueris!

679 1663 823 1700 XXIII

470 1760 691 1793 SERPENS
714 1760 781 1791 ET
801 1760 864 1790 LA
874 1761 962 1791 CER
971 1760 1026 1791 TA

208 1851 267 1880 Vbi
287 1850 395 1881 leonis
414 1849 510 1889 pellis
528 1848 652 1887 deficit,
676 1848 851 1887 uulpinam
872 1849 1070 1879 insuendam
1089 1859 1176 1889 esse,
1198 1850 1258 1881 hoc
1277 1856 1327 1880 est

466 1902 518 1931 ubi
537 1900 695 1931 deficiunt
715 1902 812 1933 uires.
836 1908 910 1932 astu
930 1903 1089 1933 utendum

262 1990 447 2026 SERPENS
479 1990 660 2026 lacertam
693 1990 789 2028 forte
821 2003 999 2028 auersam
1030 1992 1248 2040 prenderat,

207 2068 323 2105 quarn
355 2055 543 2092 deuorare
573 2056 705 2104 patula
737 2068 826 2093 cum
859 2057 975 2094 uellet
1005 2057 1104 2106 gula,

206 2119 362 2169 arripuit
394 2120 456 2156 illa
487 2132 608 2169 prope
641 2119 833 2159 iacentem
867 2123 1076 2167 surculum,

251 2225 288 2262 3*
314 2224 449 2261 nullum,
481 2225 642 2265 corripuit
676 2225 808 2265 scrtjbsi:
844 2225 1023 2263 neminem,
1055 2225 1145 2264 cepit
1174 2224 1256 2255 A'V:
1295 2235 1381 2255 nem.
1411 2223 1535 2254 celerat

208 2267 344 2298 Mueller
433 2271 470 2307 7⁴⁵
497 2279 592 2299 error
608 2269 736 2308 scrspsi:
764 2278 881 2298 errore
896 2267 964 2298 NV
1052 2277 1085 2298 11
1112 2267 1450 2306 maletibiJannelii:
1476 2266 1534 2297 tibi

207 2312 291 2342 male
309 2312 378 2342 NV
462 2313 533 2343 ales
551 2312 697 2352 pessime
716 2312 822 2350 inquit
843 2311 874 2340 V
962 2322 1000 2342 12
1024 2311 1072 2341 sie
1087 2310 1138 2341 N:
1165 2312 1251 2341 male
1273 2310 1400 2340 Vmale

252 2355 370 2386 XXIII
391 2355 531 2392 (XXVN.
556 2353 595 2386 H
611 2356 680 2387 128.
731 2354 817 2385 Cum
832 2355 925 2384 titulo
939 2355 1102 2386 Peroltino
1114 2353 1325 2393 consermdus
1337 2353 1535 2384 Plnlarclms

206 2400 239 2429 in
257 2399 556 2439 Apophthegmatls
572 2399 660 2437 Lac„
676 2403 700 2439 p
727 2408 790 2436 229
803 2409 822 2427 B
932 2409 941 2427 1
970 2408 1122 2429 auersam
1141 2397 1332 2428 Hartman:
1358 2397 1531 2428 aduersam

206 2442 274 2474 NV
