1747 2745
639 199 924 236 APPEme
958 198 1283 236 l’lzkos'slNA
1315 197 1541 234 ,xv-XVII

646 338 741 374 XVI

321 409 511 442 GALLVS
532 410 599 442 ΕΤ
618 411 767 443 FELES
791 411 1070 444 LECTlc.-1R11

246 472 391 504 Nimiam
410 473 624 505 securitatem
643 484 744 515 saepe
762 475 794 506 in
813 475 998 516 periculum
1017 475 1174 506 homines
1193 476 1314 506 duccrc

270 555 401 592 FELES
430 554 600 592 habebat
631 556 754 604 gallus
784 555 1010 594 lecticarios.

215 617 320 656 hunc
349 617 516 668 gloriose
545 620 683 669 uulpes
715 628 755 657 ut
785 619 882 658 uidit
913 621 1015 667 uehi,

214 681 270 721 sic
299 691 355 721 est
386 684 541 722 locuta:
584 685 758 723 ‘Moneo
788 697 1020 734 praecaueas
1051 685 1197 723 dolum.

214 745 376 785 istorum
407 749 539 786 uultus
568 762 740 799 namque
771 748 800 787 si
833 749 1069 795 consideres,

213 812 400 862 praedam
429 821 584 863 portare
613 813 777 861 iudices,
806 827 887 853 non
918 815 1106 853 sarcinam
1123 815 1143 853 ’.
1526 831 1542 861 5

607 895 626 912 ἥ
682 896 702 914 ὕ

212 949 422 993 postquam
454 945 532 983 fera
561 945 705 984 esurire
734 945 864 996 coepit
894 944 1069 992 societas,

212 1005 418 1059 discerpsit
447 1009 667 1057 dominum,
700 1019 737 1049 et
768 1009 858 1049 fecit
888 1018 1015 1060 partes
1046 1009 1200 1049 funeris.

805 1126 927 1164 XVII

635 1210 824 1244 SCROFA
851 1210 919 1242 ET
937 1210 1094 1243 LVPVS

214 1283 418 1315 Faciendum
435 1284 527 1325 prius
545 1283 587 1314 de
605 1283 742 1314 homine
761 1283 945 1323 periculum
964 1293 1060 1323 quarn
1080 1283 1153 1314 eius
1168 1289 1202 1314 te
1219 1283 1407 1314 committas
1426 1283 1503 1314 fidei

267 1360 501 1396 PREMENTE
532 1366 642 1408 partu
673 1359 798 1396 scrofa
828 1371 918 1396 curn
948 1366 1120 1408 gemeret
1151 1357 1291 1405 iacens,

211 1423 375 1463 accurrit
406 1425 531 1474 lupus,
563 1431 601 1462 et
631 1423 851 1462 obstetricis
881 1423 1055 1473 partibus

212 1502 253 1528 se
282 1502 398 1539 posse
426 1488 534 1539 fungi
565 1488 672 1534 dixit,
705 1490 936 1538 promittens
967 1502 1096 1539 opem.

212 1567 313 1604 quae
342 1566 436 1592 uero
466 1561 599 1593 nosset
629 1552 798 1604 pectoris
829 1553 1003 1592 fraudem
1037 1552 1215 1603 improbi,

212 1626 438 1669 suspectum
468 1618 641 1657 officium
674 1617 894 1668 repudiauit
926 1617 1103 1664 malefici,
1522 1635 1538 1666 5

212 1690 250 1722 et
282 1683 403 1722 ‘Satis
433 1685 512 1722 est'
543 1683 669 1734 inquit
702 1683 755 1722 ‘si
789 1684 938 1722 recedis
968 1682 1122 1734 longius
1139 1684 1156 1721 ².

610 1764 628 1784 ss
688 1765 705 1784 ³3<

258 1827 337 1859 XVI
373 1828 534 1870 (XVIII).
588 1826 627 1860 H
665 1840 735 1861 121.
920 1837 933 1857 1
962 1826 1149 1857 lecticarios
1177 1824 1342 1864 Jcmnelli:
1388 1835 1443 1856 -us
1480 1824 1550 1856 NV

213 1880 233 1902 2
256 1871 440 1911 gloriosum
459 1872 531 1915 (uel
546 1874 635 1912 ·ose)
653 1873 820 1911 Jannelli:
845 1871 990 1912 gloriosa
1006 1869 1078 1901 NV
1217 1880 1236 1907 4
1259 1869 1466 1909 consyderas
1482 1866 1550 1916 NV

212 1915 296 1947 Post
307 1927 339 1948 u.
355 1927 375 1957 5
389 1917 544 1948 lacunam
561 1918 678 1948 statuit
691 1917 831 1949 Mueller
918 1915 958 1946 6*
983 1915 1054 1945 sera
1069 1923 1116 1944 es.
1132 1914 1243 1953 coepit
1259 1913 1400 1944 societas
1414 1912 1523 1952 scnspst
1539 1921 1546 1941 ε

214 1969 261 1991 es.
281 1961 394 2001 coepit
412 1961 481 1992 sera
499 1961 645 1993 societas
662 1960 746 1993 NV:
773 1971 819 1992 es.
834 1970 903 1992 soc.
923 1958 1035 1998 coepit
1053 1957 1123 1988 fera
1140 1956 1276 1987 Mueller
1361 1955 1399 1995 7*
1423 1955 1546 1986 funeris

213 2002 362 2036 Duvau:
387 2005 544 2036 facinoris
562 2004 632 2035 NV

258 2048 355 2080 XVII
377 2048 504 2087 (xlx).
534 2045 574 2080 H
592 2058 661 2088 122,
678 2045 741 2080 Th
754 2059 805 2088 3ο.
890 2059 903 2079 1
930 2047 1099 2079 Prementi
1117 2044 1366 2086 Parapln‘astae,
1382 2043 1544 2083 Jannellr':

213 2092 396 2124 Tremente
414 2092 485 2123 NV
583 2104 601 2131 4
628 2091 775 2132 pectoris
795 2091 916 2124 Orelli:
942 2090 1076 2132 pecoris
1092 2088 1163 2119 NV
1254 2089 1294 2118 6*
1317 2088 1446 2119 recedis
1460 2086 1545 2117 NV:

214 2136 242 2167 si
255 2142 291 2167 tu
305 2135 491 2168 recesseris
513 2146 640 2177 magno
655 2146 812 2166 consensu
831 2136 1084 2177 Pamphi-astae.
1118 2133 1200 2164 Post
1208 2133 1296 2164 hunc
1311 2142 1440 2163 uersum
1452 2132 1546 2177 interf-

214 2179 292 2211 cidit
311 2179 441 2220 aliquid
460 2179 491 2210 si
511 2179 641 2220 quidem
666 2179 901 2220 Paraphrastis
918 2179 1005 2219 fides
1031 2179 1096 2219 qui,
1116 2177 1180 2208 Ro.
1200 2176 1267 2208 dico
1287 2180 1316 2206 et
1339 2175 1444 2214 Wt'ss„
1470 2174 1546 2204 talia

216 2223 363 2254 exhthent
379 2223 519 2254 obsecro
538 2224 580 2254 da
599 2223 689 2259 (des)
709 2223 790 2253 mihi
808 2223 971 2254 honorem
994 2223 1054 2253 suit
1076 2223 1174 2254 etiam
1198 2227 1232 2252 et
1254 2220 1313 2252 tibi
1331 2224 1436 2251 mater
1451 2218 1544 2257 (nam

217 2272 250 2298 et
269 2272 411 2298 matrem
428 2271 463 2297 tu
481 2266 560 2298 olim
577 2266 737 2305 habuisti)
756 2266 832 2306 Ro„
852 2267 993 2297 obsecro
1011 2271 1047 2297 ut
1063 2266 1123 2297 des
1144 2266 1224 2296 mihi
1246 2264 1406 2295 honorem
1428 2262 1520 2293 Wiss.
1539 2272 1546 2299 5

220 2320 300 2340 mox
315 2309 371 2340 ille
388 2315 498 2340 autem
517 2314 554 2341 ut
572 2310 715 2341 recessit
731 2310 840 2340 statim
863 2309 1009 2349 profudit
1028 2309 1231 2349 (profundit)
1250 2307 1414 2339 sarcinam
1431 2306 1493 2337 Ro.
1509 2315 1548 2335 cx

214 2357 309 2395 parte
329 2352 439 2391 Wi'ss„
459 2353 640 2384 recedente
657 2358 769 2384 autern
789 2352 845 2383 illo
864 2353 974 2383 statim
994 2352 1152 2392 exposuit
1176 2351 1279 2382 fetum
1301 2350 1415 2382 illaesa
1429 2349 1490 2380 Ro.
1508 2359 1547 2380 ex

215 2400 309 2438 parte
324 2395 411 2427 unde
426 2395 583 2426 distichon
600 2395 662 2426 tale
677 2395 811 2427 euadere
821 2399 926 2437 possa
940 2407 947 2426 :

477 2460 540 2481 nos
563 2451 750 2481 reuerearis
774 2456 806 2481 et
831 2449 889 2481 tibi
915 2454 1022 2480 mater
1046 2449 1128 2480 suit.'

478 2493 533 2524 ille
558 2498 593 2523 ut
619 2494 769 2532 recessit,
798 2493 961 2524 sarcinam
986 2492 1104 2523 effudit
1128 2493 1249 2524 statim.
