1747 2745
931 187 1099 225 LIBER
1131 188 1379 236 QVINTVS
1411 186 1534 225 μιν

204 306 348 334 uenere
375 293 545 334 artifices
573 294 701 335 laudis
729 297 781 335 ad
809 299 1051 337 certamina:

202 371 302 408 quos
333 358 432 399 inter
461 373 602 408 scurra,
635 368 751 400 notus
783 363 936 401 urbano
964 364 1054 404 sale.

202 423 347 464 habere
376 425 472 464 dixit
503 439 544 465 se
571 440 695 476 genus
726 427 937 476 spectaculi

201 489 309 538 quod
341 489 379 528 in
411 492 562 531 theatro
593 505 810 541 numquam
844 494 1036 542 prolatum
1070 494 1177 530 soret.
1499 509 1537 530 10

201 552 400 604 dispersus
431 569 561 594 rumor
591 555 790 595 ciuitatem
823 557 1020 596 concitat.'

201 620 334 668 paullo
363 628 454 659 ante
484 634 608 659 uacua
638 621 792 659 turbam
824 621 1014 661 deficiunt
1045 623 1139 661 loca.

200 681 240 721 in
270 696 414 723 scaena
442 697 536 724 uero
567 693 777 736 postquam
808 687 915 725 solus
945 686 1119 726 constitit

199 747 285 788 sine
312 758 500 800 apparatu
532 750 648 788 nullis
677 750 933 798 adiutoribus,

200 813 399 853 silentium
430 816 514 865 ipsa
543 815 634 854 fecit
664 816 895 867 expectatio.
1496 835 1532 866 15

200 878 263 918 ille
294 881 335 919 in
363 881 494 920 sinum
524 889 685 932 repente
714 881 872 921 demisit
900 891 1030 933 caput,

199 952 237 984 et
267 943 323 984 sic
352 946 512 997 porcelli
543 961 684 986 uocem
716 956 774 986 est
804 946 977 986 imitatus
1008 962 1087 995 sua,

199 1023 337 1050 uerum
367 1021 409 1051 ut
439 1012 601 1052 subesse
630 1013 750 1064 pallio
778 1014 1076 1062 contenderent,

199 1083 238 1116 et
267 1076 395 1116 excuti
427 1076 617 1117 iuberent.
677 1092 758 1128 quo
788 1079 903 1126 facto,
936 1078 1051 1117 simul

199 1139 296 1179 nihil
325 1150 384 1181 est
414 1151 621 1193 repertum,
655 1144 788 1182 multis
818 1152 984 1183 onerant
1014 1144 1194 1182 lancibus
1497 1161 1534 1183 20

200 1199 482 1258 hominemque
513 1211 652 1259 plausu
682 1217 974 1260 prosequuntur
1005 1209 1184 1248 maximo.

199 1272 276 1311 hoc
306 1271 404 1312 uidit
434 1273 515 1313 fieri
546 1273 735 1314 rusticus:
777 1275 893 1313 ‘Non
925 1276 1168 1313 mehercules

199 1350 263 1376 me
293 1338 448 1377 uincet'
478 1339 629 1389 inquit3
667 1348 706 1379 et
735 1339 866 1378 statim
899 1341 1095 1391 professus
1125 1348 1182 1378 est

198 1402 304 1442 idem
335 1404 527 1443 facturum
560 1404 700 1444 melius
730 1419 772 1444 se
801 1404 1000 1456 postridie.

200 1468 241 1506 fit
271 1468 386 1507 turba
415 1469 550 1508 maior.
609 1469 685 1508 iam
718 1471 828 1508 fauor
859 1478 1010 1509 mentes
1041 1478 1158 1516 tenet,
1495 1487 1531 1517 25

198 1540 236 1571 et
265 1533 472 1582 derisuros,
505 1548 585 1574 non
617 1543 870 1585 spectaturos,
904 1534 1012 1574 scias.

198 1604 363 1648 uterque
392 1598 535 1650 prodit.
595 1613 725 1638 scurra
754 1599 964 1650 degrunnit
994 1600 1107 1649 prior,

199 1670 414 1714 mouetque
445 1665 604 1714 plausus
635 1673 673 1703 et
703 1665 894 1703 clamores
923 1666 1095 1703 suscitat.

163 1776 166 1779 ι
199 1734 294 1767 tunc
323 1729 512 1768 simulans
544 1743 628 1769 sese
658 1729 903 1768 uestimentis
933 1730 1098 1769 rusticus

199 1795 414 1842 porcellum
447 1796 631 1846 obtegere
663 1796 788 1846 (quod
819 1795 986 1833 faciebat
1017 1794 1175 1843 scilicet,
1494 1812 1533 1841 30

200 1859 280 1907 sed,
313 1860 352 1898 in
383 1862 510 1911 priore
541 1861 634 1912 quia
662 1860 717 1898 nil
747 1867 1029 1910 compererant,
1062 1860 1216 1915 latens),

199 1926 380 1975 peruellit
409 1939 543 1965 aurem
574 1940 679 1974 uero,
712 1939 830 1977 quem
861 1926 1067 1972 celauerat‚

199 1999 237 2029 et
267 2004 357 2030 cum
389 1993 525 2032 dolore
556 2006 695 2032 uocem
728 2000 888 2030 naturae
917 1989 1108 2041 exprimit.

243 2091 264 2122 8
288 2095 391 2123 notus
408 2091 484 2123 PR'
501 2103 509 2124 τ
533 2103 617 2131 unus
635 2092 706 2123 NV
824 2102 856 2122 11
885 2095 1047 2122 conuocat
1064 2088 1133 2119 NV
1251 2098 1289 2118 12
1315 2097 1451 2118 uacuam
1469 2087 1533 2119 PR

200 2134 298 2166 turba
313 2134 383 2166 NV
485 2138 523 2168 16
548 2137 673 2167 dimisit
690 2135 764 2168 PR'
869 2145 905 2175 17
931 2133 1116 2175 porcellum
1135 2142 1217 2163 uoce
1235 2131 1385 2162 imitatus
1401 2136 1453 2161 est
1469 2130 1538 2160 NV

203 2179 242 2209 18
267 2179 576 2211 contenderentN:
598 2184 646 2210 -et
658 2179 760 2210 PRV
821 2189 864 2210 2ο
889 2178 970 2209 nihil
983 2178 1064 2209 PN:
1087 2176 1131 2207 nil
1147 2175 1322 2207 VMuelIer
1385 2173 1533 2205 lancibus

199 2220 295 2254 PR':
323 2221 474 2254 laudibus
490 2223 562 2254 NV
702 2234 743 2254 22
767 2224 861 2255 uidet
879 2227 914 2253 ut
930 2222 1089 2253 Heinsius
1222 2218 1433 2250 mehercules
1448 2216 1532 2248 NV:

200 2264 394 2296 mehercule
412 2266 446 2297 P
521 2277 562 2306 23
589 2268 702 2298 uincet
719 2268 767 2299 P:
795 2267 898 2298 uincit
915 2265 987 2296 NV
1057 2268 1099 2297 26
1123 2270 1160 2297 ut
1176 2264 1346 2303 Heinsius,
1365 2261 1461 2294 haud
1472 2264 1533 2291 scio

201 2318 246 2339 an
264 2312 339 2339 recte
458 2310 627 2341 derisurus
644 2309 714 2341 NV
837 2315 1050 2349 spectaturos
1068 2309 1133 2340 R':
1159 2313 1418 2350 exspectaturos
1436 2304 1509 2337 PR'
1525 2315 1534 2336 ε

199 2352 323 2391 ⁵²⁰(qu
343 2350 512 2385 Vinturus
529 2351 600 2384 NV
714 2354 803 2385 scias
820 2353 1001 2384 Heinsius:
1025 2353 1068 2384 sit
1085 2359 1120 2384 et
1136 2353 1220 2384 PR:
1245 2353 1345 2384 sedet
1360 2349 1445 2382 NV:
1470 2350 1533 2379 ciet

201 2395 257 2426 uel
269 2395 349 2426 citat
361 2395 516 2434 Johnson
607 2407 648 2436 27
674 2397 856 2436 degrunnit
872 2397 909 2427 N
922 2396 1011 2428 Pith.
1028 2407 1035 2427 :
1061 2397 1144 2435 digr.
1164 2397 1199 2427 P
1286 2397 1328 2426 28
1354 2395 1532 2426 clamorem

201 2436 272 2468 NV
356 2449 399 2479 29
422 2444 490 2470 tum
507 2439 578 2470 NV
658 2440 789 2471 rusticis
806 2440 870 2471 PR
960 2450 998 2479 31
1026 2451 1092 2471 om.
1109 2439 1179 2470 NV
1256 2439 1299 2470 nil
1319 2437 1424 2470 Palu:
1451 2435 1534 2467 nihil

201 2481 266 2512 PR
355 2493 395 2522 32
421 2492 501 2513 uero
518 2483 565 2516 P:
592 2494 694 2524 porco
711 2494 751 2514 ex
768 2484 1050 2525 interpretamento
1067 2482 1135 2513 NV
