1747 2745
590 150 875 187 APPENDIX
913 151 1237 188 PEROT'I‘INA
1275 150 1540 188 xxm-xxv

209 267 246 297 et
277 258 462 310 pertinaci
495 272 625 297 morsu
656 267 919 298 transuersum
951 269 1090 299 tenens

208 322 370 362 auidum
400 323 544 362 sollerti
576 325 714 362 rictum
744 324 910 362 frenauit
941 339 1061 363 mora.
1525 343 1539 371 5

208 390 395 440 praedam
425 388 570 427 dimisit
600 402 666 427 ore
696 402 854 439 serpens
886 389 1052 428 inritam.

639 544 779 582 XXIV

505 639 688 672 CORNIX
710 639 776 670 ET
798 639 908 672 0175

312 726 436 758 Multos
454 726 620 757 lacessere
638 726 764 757 debiles
784 732 817 757 et
835 727 957 758 cedere
977 727 1116 758 fortibus

262 812 424 851 Omoszx
455 812 587 851 cornix
618 825 733 862 super
763 826 881 851 ouem
913 815 1172 862 consederat3

207 889 310 928 quae
339 878 501 916 dorsum
531 890 620 915 cum
651 878 861 917 tutudisset
893 878 1040 918 inuitae
1070 878 1149 927 diu,

210 942 349 981 ‘Hoc'
378 941 506 992 inquit
538 942 590 980 ‘si
620 943 783 982 dentato
814 942 970 982 fecisses
1000 943 1099 991 cani,

208 1021 357 1059 poenas
386 1008 562 1047 dedisses
577 1010 596 1045 '.
656 1008 719 1047 illa
749 1017 887 1048 contra
916 1009 1087 1060 pessima

211 1073 424 1125 ‘Despicio
454 1074 633 1122 inermes,
665 1076 805 1114 eadem
837 1076 937 1114 cedo
967 1074 1133 1114 fortibus
1149 1089 1160 1124 ;
1523 1093 1540 1124 5

209 1140 290 1178 scio
321 1153 441 1191 quem
472 1142 673 1188 lacessam,
706 1140 769 1179 cui
800 1141 938 1180 dolosa
969 1140 1159 1180 blandiar.

209 1206 299 1244 ideo
328 1214 528 1245 senectam
559 1207 665 1245 mille
695 1205 733 1244 in
763 1219 888 1245 annos
920 1207 1119 1257 prorogo'.

712 1356 826 1392 XXV

491 1453 649 1485 SOCRA
661 1453 746 1484 TES
769 1453 840 1484 ET
858 1451 1048 1484 SERVVS

349 1538 482 1570 Nullum
500 1538 713 1570 maledictum
733 1548 807 1569 esse
824 1539 961 1578 grauius
977 1539 1185 1570 conscientia

263 1624 359 1663 CVM
390 1638 526 1664 seruus
556 1637 727 1674 nequam
758 1625 906 1662 Socrati
938 1625 1040 1663 male
1069 1624 1227 1672 diceret,

209 1702 368 1728 uxorem
399 1689 552 1729 domini
582 1690 690 1740 quod
722 1688 956 1739 corrupisset
987 1689 1057 1736 sui,

209 1756 330 1806 idque
359 1755 423 1795 ille
452 1756 566 1795 sciret
596 1763 734 1794 notum
766 1754 1110 1794 circumstantibus

211 1824 370 1862 ‘Places
400 1823 492 1862 tibi'
522 1822 647 1874 inquit
682 1826 792 1860 ‘nam
827 1821 890 1859 cui
921 1834 1000 1860 non
1030 1822 1164 1869 debes,
1197 1825 1351 1873 placesg

208 1891 279 1928 sed
309 1902 388 1928 non
420 1874 598 1939 impune,'
625 1887 716 1938 quia
746 1887 808 1925 cui
842 1886 975 1934 debes,
1009 1900 1087 1925 non
1119 1889 1249 1937 places
1264 1889 1281 1926 '.
1522 1906 1539 1937 5

251 1997 372 2029 XXIV
397 1997 530 2036 (XXVI
551 2022 557 2028 .
595 1994 634 2028 H
665 2007 737 2037 129,
767 1993 830 2027 Th
858 2006 909 2036 95.
1027 2006 1038 2025 1
1068 1994 1182 2025 cornix
1216 1992 1249 2023 N
1278 1993 1520 2034 Paraplcmslm’
1535 2005 1541 2023 :

209 2041 358 2072 coniunx
380 2041 413 2072 V
496 2041 533 2072 2*
557 2040 597 2071 In
610 2041 641 2072 Ιι.
658 2052 690 2072 u.
704 2040 888 2081 corrigendo
909 2049 997 2070 nunc
1014 2038 1327 2079 Parapln'astarum,
1343 2037 1411 2068 Ad.
1424 2041 1453 2067 et
1464 2037 1538 2072 Ra,

208 2086 353 2126 uestigiis
368 2085 482 2116 ιἠςιζςΙο
494 2085 555 2124 qui
569 2095 690 2124 magno
707 2094 862 2114 consensu
884 2084 990 2114 otiosa
1009 2082 1172 2122 quaedam
1191 2081 1308 2112 cornix
1325 2091 1426 2120 supra
1443 2090 1540 2111 ouern

207 2129 405 2161 consederat
430 2129 577 2160 tundens
599 2129 734 2159 dorsum
758 2129 839 2165 eius,
866 2128 929 2158 hoc
955 2137 1028 2157 cum
1056 2127 1112 2157 diu
1140 2125 1274 2157 fecisset
1295 2128 1358 2156 cett.
1382 2124 1538 2162 arlnbent,

207 2183 284 2204 cum
301 2176 442 2214 praestet
460 2172 611 2203 Perottus
632 2182 731 2212 quam
754 2172 854 2202 dorso
879 2181 954 2202 cum
980 2170 1114 2201 tulisset
1137 2170 1242 2200 inuita
1265 2174 1298 2200 et
1320 2168 1375 2199 diu
1398 2178 1493 2208 quem
1514 2179 1542 2198 st

207 2217 364 2256 sequan's,
373 2221 435 2257 pro
447 2215 580 2247 molesto
596 2216 649 2246 illo
667 2216 772 2246 inuita
791 2220 824 2245 et
844 2213 1066 2254 reponendum
1084 2218 1146 2244 ert!
1163 2214 1296 2244 inuitae.
1383 2222 1468 2252 quae
1480 2216 1542 2252 pro

209 2271 305 2300 quam
319 2261 390 2291 inm
402 2258 528 2292 Nauck.
619 2260 659 2289 6*ι
686 2258 802 2290 dolosa
818 2258 974 2289 blandiar
987 2256 1074 2288 NV:
1099 2257 1215 2288 dolose
1229 2257 1271 2288 bl.
1286 2256 1402 2288 Nauck
1413 2255 1539 2287 Havet:

208 2304 287 2334 dolo
304 2303 524 2335 subblandiar
539 2303 667 2334 conieczt
684 2302 796 2333 Have!
1342 2323 1355 2329 ..

252 2346 352 2378 XXV
371 2346 550 2388 (XXVII).
575 2343 614 2377 H
636 2357 705 2385 130.
782 2345 930 2376 Tr'lulmn
947 2345 1154 2376 Perollinum
1172 2347 1217 2376 sic
1229 2345 1261 2375 in
1277 2354 1410 2375 uersum
1426 2344 1544 2384 redegit

207 2390 356 2421 Dressler
372 2390 582 2421 maledictum
602 2391 726 2420 nullum
745 2394 796 2420 est
812 2389 948 2429 grauius
966 2389 1171 2422 conscientia
1296 2398 1314 2420 2
1339 2388 1542 2429 corrupisset

204 2434 372 2472 Jannelli:
399 2434 616 2475 corripuisset
638 2432 732 2465 V=N1
