1747 2745
190 156 448 194 PHAEDRI
482 159 828 197 FABVLARVM

674 304 738 340 III

433 386 647 419 AESOPVS
672 387 729 419 ET
754 388 982 421 RVSTICVS

240 465 326 502 st
355 463 501 514 peritus
531 465 681 504 hariolo
712 467 887 504 ueracior

186 530 305 578 uulgo
334 529 587 579 perhibetur3
625 543 743 569 causa
773 531 843 569 sed
872 544 952 570 non
983 532 1135 580 dicitur,

185 602 363 632 notescet
394 607 495 644 quae
525 608 631 634 nunc
661 597 831 646 primum
862 596 1004 635 fabella
1034 612 1132 636 mea.

241 659 418 698 Habenti
449 659 607 699 cuidam
637 674 780 712 pecora
809 670 1041 712 pepererunt
1072 676 1166 701 oues

185 736 305 773 agnos
337 725 512 763 humano
541 725 680 776 capite.
740 734 917 765 monstro
946 726 1099 765 territus
1501 749 1516 779 5

184 790 235 827 ad
265 791 532 829 consulendos
563 791 679 829 currit
711 805 888 830 maerens
918 791 1098 831 hariolos.

185 854 247 892 hic
278 856 471 905 pertinere
501 858 551 895 ad
582 857 733 895 domini
764 858 976 907 respondet
1005 867 1134 908 caput,

185 928 220 958 et
251 923 510 960 auertendum
542 922 702 961 uictima
731 922 960 973 periculum.

184 985 247 1023 illc
277 996 408 1025 autem
439 988 621 1026 adfirmat
651 988 859 1038 coniugem
891 1002 977 1027 esse
1006 990 1223 1028 adulteram

184 1060 221 1090 et
252 1051 430 1091 insitiuos
461 1052 667 1103 significari
700 1054 856 1101 liberos,
1479 1074 1515 1095 10

183 1119 252 1157 sed
282 1118 425 1168 expiari
456 1131 573 1169 posse
604 1119 750 1158 maiore
781 1120 918 1158 hostia.

184 1184 279 1234 quid
310 1185 461 1223 multa?
500 1184 615 1223 uariis
645 1184 837 1224 dissident
867 1185 1083 1232 sententiis,

183 1249 435 1301 hominisque
464 1264 598 1288 curam
629 1264 720 1289 cura
750 1252 896 1289 maiore
925 1251 1152 1301 adgrauant.

184 1318 365 1366 Aesopus
394 1315 449 1354 ibi
478 1324 597 1364 stans,
629 1315 732 1354 naris
761 1324 970 1355 emunctae
1000 1329 1130 1364 senex,

186 1382 333 1419 Natura
365 1394 582 1431 numquam
614 1382 736 1420 uerba
764 1381 827 1419 cui
857 1381 985 1431 potuit
1014 1383 1117 1429 dare,
1476 1400 1512 1432 15

186 1447 245 1484 ‘Si
276 1460 483 1496 procurare
512 1446 571 1485 uis
600 1454 812 1494 ostentum,
845 1447 998 1494 rustice,

183 1513 343 1550 uxores'
372 1512 499 1562 inquit
532 1514 605 1551 ‘da
633 1512 709 1550 tuis
739 1512 960 1563 pastoribus
974 1514 992 1549 '.

670 1642 727 1678 IV

479 1724 652 1755 LANIVS
679 1723 735 1754 ET
760 1723 918 1754 SIMIVS

236 1800 442 1836 PENDERE
470 1799 521 1837 ad
552 1798 698 1836 lanium
729 1798 891 1848 quidam
922 1798 1019 1837 uidit
1049 1798 1206 1838 simium

180 1863 279 1902 inter
308 1863 471 1902 relicuas
503 1877 652 1902 merces
681 1871 799 1914 atque
829 1863 1019 1914 opsonia3

224 1966 283 1999 III.
307 1964 345 1998 H
358 1977 409 2006 47.
458 1966 566 1997 Habet
575 1967 726 1998 Perottus
735 1979 810 1999 cum
823 1968 915 2000 mulo
927 1978 1079 2000 RATmNE
1093 1977 1214 2000 porws
1227 1978 1325 2006 QVAM
1339 1978 1511 2001 ORAcvus

178 2021 346 2042 AGENDVM
485 2021 544 2050 1—3
570 2021 634 2043 om.
653 2012 724 2042 NV
853 2023 866 2043 1
895 2014 1049 2044 ueracior
1072 2012 1250 2053 Bongars:
1275 2013 1425 2044 uelocior
1447 2013 1513 2043 PR

178 2055 216 2084 ρ*
241 2055 437 2094 perhibetur
454 2065 553 2086 causa
570 2056 701 2096 scripsi:
726 2066 828 2087 causa
851 2056 957 2087 fertur
977 2057 1041 2088 PR
1056 2068 1063 2087 :
1088 2067 1164 2087 esse
1181 2057 1286 2087 fertur
1304 2067 1403 2087 causa
1418 2056 1509 2088 Pith.

178 2099 246 2130 edd.
334 2110 353 2137 4
378 2109 457 2129 aues
479 2100 511 2129 V
588 2110 607 2138 5
633 2101 770 2131 territus
792 2101 839 2131 V:
865 2101 1063 2140 perterritus
1080 2100 1157 2131 PR'
1239 2101 1260 2131 6
1283 2101 1511 2132 consulendos

177 2142 264 2174 Pith.
281 2153 288 2172 :
314 2143 539 2174 consolendos
557 2143 633 2174 PR‘
650 2156 656 2174 :
681 2144 919 2175 consultandos
936 2144 1007 2175 NV
1084 2143 1233 2175 hariolos
1251 2143 1336 2177 Pitlz.
1353 2154 1360 2174 ε
1385 2145 1511 2176 ariolos

181 2186 227 2218 V:
249 2186 398 2217 hariolus
413 2186 489 2217 PR‘
568 2199 584 2226 7
611 2190 795 2227 respondet
813 2189 972 2230 Rigault:
998 2189 1174 2228 respondit
1189 2188 1252 2218 PR
1267 2199 1275 2220 :
1299 2188 1509 2228 respondent

181 2230 212 2259 V
304 2231 323 2260 8
348 2235 381 2260 et
400 2233 621 2263 auertendum
641 2232 689 2262 P:
716 2234 935 2264 auertendum
953 2243 1029 2263 esse
1048 2232 1118 2262 NV
1205 2242 1242 2263 10
1265 2237 1299 2263 et
1317 2232 1510 2272 illegitimos

178 2275 340 2313 (-gunnos
358 2274 402 2313 VJ]
419 2275 588 2314 significat
603 2276 673 2306 NV
732 2286 767 2307 11
796 2277 934 2317 expiare
950 2276 1018 2306 NV
1071 2275 1186 2307 maiori
1201 2275 1234 2305 P
1295 2285 1333 2315 13
1358 2277 1510 2307 homines

177 2316 210 2346 P
317 2324 442 2357 augent
458 2319 528 2349 NV
646 2330 684 2359 14
708 2320 771 2351 sibi
789 2320 865 2351 PR‘
977 2320 1068 2350 naris
1086 2330 1148 2351 em.
1169 2330 1277 2350 senex
1295 2320 1346 2350 P:
1372 2330 1509 2350 narrare

177 2361 295 2401 incipit
312 2363 382 2393 NV
470 2373 506 2402 15
533 2368 685 2394 naturam
705 2374 914 2403 nequaquam
936 2365 1037 2394 uerba
1056 2365 1206 2403 cuiquam
1225 2364 1305 2394 dare
1321 2363 1392 2393 A'V

222 2405 276 2435 IV.
305 2402 343 2436 H
362 2407 413 2445 48.
506 2406 613 2437 Habet
636 2407 786 2438 Perolllts
809 2408 1003 2449 cumolilulo
1027 2417 1175 2438 ASPECTV
1205 2416 1373 2438 HOMINVM
1401 2416 1508 2438 SAEPE

178 2459 338 2482 lvmcivM
358 2460 457 2481 psum
555 2461 564 2480 1
594 2452 725 2482 simium
744 2451 793 2482 P:
818 2452 947 2481 simiam
972 2451 1002 2482 V
1087 2462 1106 2481 ς.)
1130 2451 1306 2491 opsonium
1324 2451 1360 2482 N
