1747 2745
198 158 456 196 PHAEDRI
490 159 837 196 FABVLARVM

198 268 412 320 fugantque
442 265 582 304 rostris.
644 267 745 304 male
775 267 969 305 mulcatus
998 267 1180 317 gragulus

198 331 323 371 redire
353 343 530 370 maerens
560 330 691 381 coepit
719 332 770 370 ad
800 331 1001 381 proprium
1029 344 1165 381 genus,
1497 346 1535 369 ιο

197 409 221 434 a
249 409 330 446 quo
359 397 536 446 repulsus
567 396 717 435 tristem
746 396 930 434 sustinuit
960 404 1110 435 notam.

199 470 283 500 tum
314 461 477 512 quidam
507 475 553 500 ex
584 461 657 500 illis
687 474 787 511 quos
816 461 922 511 prius
952 462 1182 511 despexerat

201 526 447 568 ‘Contentus
477 528 620 565 nostris
649 526 681 564 si
710 525 848 564 fuisses
879 526 1038 564 sedibus

201 600 238 630 et
268 593 377 642 quod
407 593 558 630 Natura
586 592 750 630 dederat
779 591 970 629 uoluisses
998 590 1091 641 pati,

203 670 275 696 nec
306 657 412 695 illam
443 664 625 707 expertus
655 669 759 695 esses
789 657 1072 694 contumeliam
1499 672 1537 705 15

202 737 275 762 nec
305 724 408 762 hanc
438 723 633 773 repulsam
664 729 730 761 tua
760 720 918 760 sentiret
948 721 1149 760 calamitas
1163 721 1181 759 ².

745 850 804 887 IV

312 935 455 967 CANIS
481 934 572 966 PER
600 934 801 965 FLVVIVM
828 934 1025 966 CARNEM
1053 932 1238 965 FERENS

205 1017 392 1052 AMITTIT
422 1013 562 1052 merito
591 1013 793 1064 proprium
824 1012 892 1064 qui
921 1014 1093 1052 alienum
1123 1011 1287 1063 adpetit.

260 1080 392 1126 Canis,
425 1091 493 1129 per
522 1079 671 1117 flumen
700 1091 858 1117 carnem
888 1092 979 1117 cum
1009 1080 1134 1126 ferret,
1166 1087 1306 1117 natans

206 1146 453 1196 lympharum
483 1143 522 1181 in
553 1145 715 1194 speculo
744 1145 843 1182 uidit
874 1144 1126 1183 simulacrum
1157 1157 1283 1193 suum,

205 1211 403 1260 aliamque
432 1210 619 1259 praedam
649 1209 700 1247 ab
730 1210 852 1248 altero
882 1208 969 1248 ferri
999 1217 1142 1259 putans

206 1275 354 1326 eripere
383 1274 533 1313 uoluit:
573 1287 711 1313 uerum
742 1276 909 1324 decepta
938 1273 1106 1313 auiditas
1522 1289 1541 1322 5

207 1347 244 1379 et
274 1352 393 1390 quem
422 1338 584 1378 tenebat
613 1351 681 1377 ore
710 1338 858 1377 dimisit
888 1339 1035 1385 cibum,

208 1417 281 1444 nec
311 1417 429 1455 quem
460 1404 619 1455 petebat
649 1405 751 1443 adeo
780 1403 909 1455 potuit
939 1412 1114 1454 tanget&

746 1537 784 1573 V

353 1624 512 1657 VACCA
537 1624 595 1656 ET
617 1622 843 1663 CAPELLA,
871 1622 980 1654 OVIS
1005 1621 1064 1654 ET
1088 1621 1179 1653 LEO

264 1705 485 1749 NVMQVAM
515 1711 573 1742 est
603 1703 730 1742 fidelis
761 1714 852 1740 cum
882 1708 1046 1752 potente
1076 1701 1254 1740 societas.

209 1778 372 1810 testatur
401 1770 498 1808 haec
529 1768 671 1807 fabella
700 1765 948 1818 propositum
978 1778 1124 1804 meum.

264 1837 397 1873 Vacca
425 1841 463 1872 et
492 1834 642 1883 capella
672 1840 710 1871 et
740 1831 894 1883 patiens
925 1831 1011 1870 ouis
1040 1830 1203 1869 iniuriae

211 1900 306 1939 socii
336 1901 443 1938 fuere
473 1912 563 1937 cum
593 1899 709 1937 leone
739 1897 779 1935 in
810 1897 983 1935 saltibus.

254 1997 293 2036 9*
318 1997 501 2036 fugantque
521 1996 638 2027 rostris
652 1996 700 2028 P:
727 1996 944 2035 effugantque
958 1995 1117 2025 miserum
1131 1994 1200 2026 Ad.
1216 2008 1222 2026 :
1247 2005 1285 2026 ex
1297 2004 1409 2025 morsu
1423 1998 1461 2025 ut
1475 1994 1543 2026 uid.

212 2045 322 2072 ortum
337 2051 343 2070 :
367 2041 405 2080 cf.
419 2041 584 2071 morsibus
597 2064 604 2070 .
622 2065 629 2072 .
647 2065 654 2072 .
672 2040 873 2078 fugauerunt
887 2038 983 2070 W't'ss.
996 2049 1003 2068 :
1021 2038 1166 2069 calcibus
1180 2043 1213 2068 et
1226 2038 1392 2069 morsibus
1405 2038 1546 2077 fatigant

212 2086 400 2126 (-auerunt)
422 2084 484 2115 Ro.
607 2094 645 2122 13
669 2085 697 2114 si
715 2094 783 2113 non
801 2083 1023 2113 erubesceres
1040 2088 1074 2112 ut
1092 2087 1167 2113 tuas
1183 2087 1296 2113 uestes
1312 2091 1463 2112 amasses
1480 2082 1544 2114 Ro.

215 2138 253 2167 15
277 2132 438 2167 expertus
454 2127 547 2158 Pm.
567 2138 586 2158 2
605 2127 673 2158 Ad.
702 2127 870 2164 fuisses:
897 2135 1006 2165 exper
1021 2124 1053 2154 P
1069 2136 1116 2156 m.
1138 2136 1152 2155 1

257 2171 311 2202 IV.
337 2168 376 2201 H
388 2180 417 2210 5,
434 2168 498 2201 Th
514 2173 546 2202 6.
631 2171 670 2200 2*
696 2180 769 2200 cum
784 2170 844 2200 Ad
869 2169 964 2200 le‘ss.
982 2168 1140 2209 Sclzqffer:
1167 2169 1243 2199 dum
1258 2168 1291 2198 P
1361 2167 1551 2209 intetpunxi

207 2219 283 2256 post
302 2215 406 2245 ferret
421 2226 428 2246 :
455 2215 557 2255 uulgo
568 2218 647 2255 post
662 2218 782 2244 natans
894 2224 913 2251 4
938 2213 1045 2242 altero
1061 2211 1130 2243 Ad.
1147 2223 1154 2242 :
1177 2212 1241 2242 alio
1260 2210 1333 2243 PR'
1349 2222 1357 2243 :
1379 2212 1446 2242 alio
1463 2221 1547 2242 cane

213 2259 345 2297 Bentley
480 2269 496 2297 7
522 2264 664 2297 tangere
681 2257 750 2288 Ad.
769 2257 851 2297 (non
875 2256 983 2295 potuit
1000 2256 1053 2285 uel
1071 2260 1222 2286 extrema
1237 2260 1260 2286 t.
1281 2255 1548 2295 dente,fortasse

214 2302 340 2332 Horati
364 2301 401 2333 S.
428 2302 462 2333 ii.
489 2303 520 2332 6.
546 2303 587 2340 87
613 2300 755 2341 memor)
769 2312 775 2332 ε
813 2300 983 2338 attingere
1011 2298 1052 2338 P,
1079 2309 1144 2338 quo
1171 2302 1300 2330 seruato
1327 2298 1437 2339 potuit
1463 2299 1548 2329 adeo

214 2345 355 2376 Riaanlt

258 2370 298 2419 ἦ.
325 2386 364 2419 Η
379 2391 410 2428 6,
427 2385 491 2419 Th
507 2389 537 2420 8.
628 2388 663 2418 Ι*
688 2386 821 2426 potenti
838 2386 932 2417 Hare
946 2385 1058 2417 Havet
1138 2396 1310 2425 nunquam
1328 2385 1348 2417 s.
1364 2396 1392 2417 c.
1410 2389 1548 2425 potente

214 2433 359 2464 societas
375 2433 417 2463 sit
436 2432 624 2472 copulanda
636 2431 704 2462 Ad.
721 2430 808 2462 unde
825 2435 1000 2470 potentest
1012 2429 1092 2461 coni.
1108 2428 1221 2460 Havet
