1747 2745
424 165 894 202 AD!›1'1'.›x.x11·3N'1‘x·M
937 164 1218 204 (JRITICVM

161 278 212 305 est
237 274 268 305 in
295 275 371 305 talia
389 274 545 305 audendo
571 273 716 311 licentia,
740 272 901 303 ·iact:uac
920 274 1062 303 officium
1083 273 1219 304 cumac'
1241 274 1291 304 ud
1314 275 1487 306 ‘iactatam

160 328 222 359 per
236 319 379 350 officium
404 319 554 349 comam'
575 317 679 348 uoluit
704 317 900 356 significari.
945 327 1033 347 come
1049 317 1189 355 offic-mm
1207 319 1295 358 apud
1315 319 1489 350 Manilium

159 362 294 403 quidem
325 362 447 402 legitur
471 368 517 402 (v.
543 363 623 400 635)
649 365 683 391 et
707 363 714 376 ‘
729 361 888 391 comitas'
914 361 942 391 si
968 370 1134 401 personae
1151 360 1336 392 Alcibiadis
1356 361 1488 401 profugi

160 406 320 438 conuenit
344 406 478 447 (lustin.
496 416 524 436 v.
544 416 574 436 2.
594 406 640 445 5),
661 404 802 435 sortasse
820 404 920 435 etiam
940 405 971 434 in
990 404 1124 435 seruolo
1141 406 1284 444 quodam
1305 416 1370 435 non
1391 406 1490 445 plane

160 449 307 481 absurda
337 455 437 481 esset.
487 450 569 480 haec
602 458 676 480 cum
701 449 740 478 ad
775 448 915 479 aliorum
943 449 1164 485 coniecturas,
1189 455 1256 479 tum
1282 449 1489 488 adssennei

162 499 380 533 nostrumque
399 493 544 524 nondum
563 492 649 524 lecto
670 491 827 523 Bentleio
846 493 1021 524 inuentum
1041 492 1171 523 uidebis
1190 493 1372 532 pertinere.

249 547 301 577 23.
326 536 378 570 Cl.
401 538 440 568 R.
462 547 513 569 21.

203 582 262 613 vii.
279 582 308 612 8.
334 581 383 612 cl.
403 581 443 620 Q.
462 591 504 620 93
522 591 569 621 sq.

205 624 269 656 viii.
291 635 339 656 10.
365 624 436 656 dici.
483 630 591 655 utrum
609 624 771 664 genetiuo
789 633 868 654 casu
886 622 1002 654 dr'cian
1018 623 1076 661 die,
1094 628 1129 654 ut
1149 624 1241 655 Maro
1256 624 1389 663 aliique,
1402 624 1490 654 dixe-

163 669 204 700 rit
228 668 404 700 Phaedrus
428 668 592 699 incertum
619 674 680 699 est.
728 667 800 698 dein
819 667 860 704 (l.
880 667 944 698 xiv.
965 669 1000 708 7)
1027 673 1117 698 certe
1143 674 1176 698 et
1201 674 1335 707 tempus
1359 668 1492 708 planius

162 712 287 744 indicat
304 717 430 753 etpost
448 711 497 742 die
515 712 609 742 facile
627 712 737 752 potuit
756 711 927 742 excidere.

208 756 251 788 ix.
273 766 321 789 12.
345 765 482 786 sensum
500 765 599 794 quem
618 755 766 795 postulat
784 755 877 785 locus
890 758 966 784 tuas
982 764 1043 794 per
1059 764 1096 785 se
1114 755 1169 784 uix
1188 760 1302 795 potest
1320 755 1490 795 praebere,

164 805 275 840 potest
299 799 426 837 tenuis3
450 799 491 830 cs.
513 799 609 830 Lucr.
631 800 672 830 iv.
689 808 754 838 9¹2
777 800 830 829 ‘tu
850 798 930 828 mihi
957 798 998 828 da
1025 799 1129 828 lenuis
1153 809 1260 839 aures,
1280 799 1493 838 animumque

162 853 317 883 sagacem
331 843 350 874 ’.
399 843 477 873 te‘uis
498 853 572 873 cuni
594 842 626 873 in
648 846 724 873 tuas
745 842 885 880 abisset,
908 842 1016 872 locum
1041 853 1173 882 quoque
1191 852 1286 873 suum
1305 843 1493 882 relinquere

163 892 314 919 coactum
332 891 395 917 est.

253 931 301 963 18.
327 929 388 960 tela
405 940 478 961 eum
496 937 571 969 post
590 929 685 960 fatale
701 930 945 968 intercidisset,
960 929 1123 960 successit
1149 930 1180 960 in
1208 940 1347 960 uacuum
1359 929 1494 960 cxin'mn

162 975 251 1016 quod
271 978 305 1005 et
330 974 437 1014 ipsum
463 973 527 1005 loci
552 974 754 1005 sententiam
782 974 901 1004 reddit.
953 974 995 1004 de
1013 973 1080 1003 telis
1105 973 1160 1004 sati
1186 974 1258 1004 siue
1277 974 1428 1004 fortunae
1453 973 1494 1005 cs.

164 1018 232 1050 Cic.
256 1017 351 1049 Fam.
373 1028 402 1049 v.
430 1019 475 1049 16.
495 1028 514 1047 2
539 1023 571 1048 et
597 1017 702 1048 nostri
730 1027 863 1047 uersum
883 1017 1215 1056 peruulgatissimum
1237 1020 1288 1048 ‘to
1306 1017 1408 1047 suffer
1423 1017 1495 1047 'l'lie

163 1062 272 1103 slings
287 1062 353 1093 and
370 1072 500 1093 arrows
516 1061 554 1092 os
567 1067 771 1101 outrageous
792 1060 939 1092 Fortune
952 1061 971 1092 ’.

716 1165 855 1196 LIBER
885 1164 931 1196 111

210 1239 303 1272 Prol.
320 1250 370 1271 20.
399 1241 440 1271 de
457 1239 585 1271 Paeane
608 1244 641 1270 et
668 1238 774 1269 Musis
799 1238 840 1269 cf.
869 1237 954 1268 Stat.
980 1236 1064 1269 Sila.
1084 1237 1104 1269 i.
1124 1247 1153 1269 2.
1174 1247 1236 1276 2-5
1264 1237 1345 1276 ‘'cui,
1372 1236 1495 1274 Paean,

167 1293 256 1315 noua
271 1284 397 1324 plectra
414 1293 529 1315 moues
541 1283 571 1315 3’
597 1293 626 1315 e.
641 1293 671 1322 q.
690 1291 715 1313 s.

253 1338 305 1360 22.
330 1326 469 1359 Pallade
485 1326 592 1357 inuita
607 1326 649 1357 ab
666 1325 774 1356 inuita
794 1324 946 1355 Minerua
967 1325 1053 1364 (Cic.
1071 1330 1104 1355 et
1123 1324 1224 1363 Hor.)
1244 1323 1365 1354 leuiter
1389 1325 1495 1354 detor-

169 1377 261 1411 tum;
293 1371 393 1402 etiam
416 1370 572 1401 Valerius
598 1370 737 1400 Flaccus
764 1368 830 1399 viii.
860 1378 921 1406 224
951 1368 1128 1399 ‘Pallados
1154 1368 1300 1398 inuitae'
1324 1369 1382 1398 sed
1406 1378 1494 1402 casu,

168 1421 202 1446 ut
215 1415 346 1456 opinor,
362 1425 423 1446 nec
437 1414 583 1445 Phaedri
596 1423 732 1444 mernor.
781 1411 891 1443 Pallas
909 1411 983 1452 ipsa
1000 1417 1033 1442 et
1051 1412 1122 1451 ipsa
1142 1415 1150 1429 ‘
1164 1411 1294 1442 decima
1315 1411 1427 1441 brusa·
1446 1417 1494 1442 est

168 1464 202 1490 et
217 1468 292 1490 cum
310 1458 447 1489 Phoebo
463 1457 641 1489 coniuncta
659 1456 744 1488 Stat.
764 1455 852 1488 Siln.
873 1456 892 1488 i.
912 1467 942 1494 4.
961 1466 1013 1487 2ο.

254 1503 307 1542 46.
331 1502 382 1534 Cl.
400 1501 441 1541 Q.
458 1511 510 1542 94.
917 1543 922 1549 ι
963 1543 968 1548 ι
1211 1542 1216 1548 ·

254 1548 307 1586 56.
332 1545 414 1577 deos.
454 1545 550 1576 decus
567 1554 746 1584 perperam
766 1554 807 1574 ex
826 1553 969 1582 proximi
989 1552 1106 1573 uersus
1124 1542 1192 1573 fine
1210 1541 1343 1572 inlatum
1362 1551 1426 1582 quo
1438 1551 1497 1581 par

169 1595 241 1621 erat
257 1590 356 1621 modo
374 1590 406 1620 in
423 1599 502 1620 suos
518 1593 687 1619 mutarunt
704 1587 829 1618 librarii
844 1598 851 1626 ;
878 1587 917 1617 cs.
934 1597 965 1618 x.
982 1596 1035 1626 30.

213 1634 232 1666 i.
257 1644 288 1674 5.
315 1632 409 1673 quale
426 1631 518 1673 (NV)
537 1631 662 1663 Tibulli
680 1631 773 1662 locus
792 1631 823 1661 ii.
846 1642 875 1669 4.
895 1632 938 1670 36
955 1630 1100 1670 quodam
1118 1630 1217 1662 modo
1236 1634 1356 1661 tuetur.

213 1677 243 1709 ii.
261 1687 293 1717 5.
316 1677 357 1708 A.
376 1676 408 1715 J.
428 1676 485 1707 Ph.
503 1677 578 1716 385.
1278 1689 1283 1693 ·

255 1723 286 1752 6.
313 1725 349 1752 ut
367 1720 564 1752 sustinerent
581 1728 793 1759 reponamus,
819 1718 939 1748 suadet
966 1728 1038 1748 cum
1066 1717 1272 1749 Perottinum
1300 1717 1375 1747 illud
1401 1721 1496 1747 suso-

170 1768 278 1797 nentes
298 1769 365 1795 tum
386 1764 488 1796 Ouid.
511 1761 585 1795 Met.
613 1773 644 1794 x.
674 1763 736 1794 188
760 1763 865 1793 ‘nunc
887 1762 1033 1792 animam
1058 1761 1203 1793 admotis
1228 1761 1409 1801 fugientem
1427 1772 1497 1791 sus-

170 1809 248 1840 tinet
263 1808 377 1840 herbis
387 1808 406 1840 ’.

213 1852 258 1885 iii.
276 1862 306 1885 2.
333 1851 432 1891 uulgo
448 1851 633 1892 essesertur
646 1850 728 1881 satis
747 1849 916 1889 languide.
944 1849 1032 1880 adde
1045 1849 1256 1890 quodserlur
1269 1848 1342 1879 loco
1359 1859 1423 1886 non
1442 1858 1501 1879 suo

170 1897 330 1937 scriptum
347 1896 512 1927 emblema
529 1895 688 1926 imitatur.
741 1894 860 1925 fortius
880 1893 1077 1934 perhibetur,
1103 1903 1169 1932 quo
1195 1893 1297 1923 uei-ko
1322 1892 1441 1923 Cicero
1467 1893 1498 1922 in

172 1951 208 1971 re
224 1939 326 1972 simili
343 1939 445 1971 utitur
457 1939 494 1970 de
510 1939 589 1970 Diu.
609 1938 642 1969 ii.
662 1949 699 1969 12
719 1939 828 1969 ‘hene
847 1937 902 1977 qui
921 1937 1065 1968 coniciet
1083 1942 1192 1966 uatem
1212 1937 1300 1967 hunc
1319 1935 1500 1976 perhibebo

170 1984 364 2024 optimum'.

214 2038 244 2060 v.
267 2037 315 2059 10.
339 2027 388 2058 Cl.
408 2027 448 2066 Q.
467 2038 520 2067 94.

214 2071 259 2105 vi.
277 2072 308 2104 6.
334 2071 452 2111 iugum
481 2081 593 2102 meum
622 2075 657 2101 ut
682 2071 756 2101 ‘me
788 2068 957 2100 iunctum’
989 2069 1196 2108 significaret
1225 2066 1370 2098 scribere
1395 2067 1502 2107 potuit

174 2115 371 2154 Phaedrus;
395 2115 513 2146 durius
535 2119 627 2146 certe
653 2114 781 2145 Statius
810 2113 895 2145 Situ.
923 2113 967 2145 iii.
987 2123 1018 2152 3.
1038 2114 1080 2153 58
1108 2116 1179 2143 ‘ncc
1199 2111 1327 2143 erubuit
1343 2110 1503 2141 famulan-

172 2160 215 2190 tis
237 2158 357 2198 fistula
381 2158 534 2191 Phoebi’.
583 2159 630 2190 sic
655 2163 689 2189 et
723 2158 921 2198 Propertius
954 2157 1038 2187 dixit
1065 2158 1072 2172 ‘
1089 2155 1264 2187 Arioniam
1291 2155 1416 2194 lyram‘
1443 2165 1503 2194 pro

173 2202 301 2233 Arione
326 2202 473 2242 fidicine,
497 2208 531 2234 et
556 2209 673 2234 noster
695 2202 874 2233 ‘citharam
900 2200 1089 2240 Apollinis’
1120 2200 1177 2231 ins.
1198 2200 1264 2232 xvi.
1288 2209 1335 2230 12.
1376 2198 1505 2229 facilius

173 2256 254 2278 sane
271 2247 329 2277 iter
342 2246 396 2278 uel
413 2257 558 2285 cursum,
579 2245 717 2276 dorsum
735 2255 816 2276 uero
832 2255 892 2276 seu
911 2248 1040 2285 tergum
1058 2244 1196 2275 omnino
1218 2242 1481 2283 improbandum.

262 2300 290 2330 7.
316 2290 370 2322 hie
403 2300 538 2331 quoque
571 2290 696 2329 duplex
730 2288 946 2329 agnoscenda
986 2294 1037 2319 est
1077 2288 1187 2319 lectio.
1263 2287 1333 2318 lora
1372 2286 1506 2317 conh'nct

174 2334 335 2365 translate
352 2339 387 2365 ut
407 2335 550 2365 habenas
565 2332 722 2364 continere
737 2332 824 2372 apud
842 2330 1010 2363 Valerium
1033 2332 1215 2363 Maximum
1236 2331 1277 2361 ix.
1296 2340 1344 2361 11.
1365 2337 1432 2362 ext.
1453 2340 1482 2368 4.

260 2388 292 2418 9.
319 2377 370 2409 Cl.
392 2378 433 2410 R.
453 2386 491 2408 21
510 2387 558 2416 sq.
591 2377 644 2407 hic
663 2386 776 2407 rursus
795 2377 828 2406 in
855 2376 988 2406 diuersa
1013 2375 1139 2406 erroris
1163 2375 1286 2406 abeunt
1313 2374 1446 2405 codices
1472 2378 1504 2404 ut

175 2426 287 2453 tamen
307 2421 462 2453 Phaedro
480 2421 561 2452 illud
579 2420 664 2450 ultro
680 2425 819 2451 seruent
838 2420 912 2451 NV.

219 2465 272 2497 vii.
294 2465 370 2496 1011.
391 2464 476 2505 quod
490 2464 532 2495 ad
547 2463 707 2503 maleficos
718 2474 777 2495 seu
793 2463 1020 2495 maleficorum
1037 2462 1092 2502 (cf.
1106 2462 1149 2494 11.
1161 2463 1191 2492 vi
1215 2472 1245 2501 2,
1263 2461 1318 2493 1V.
1335 2471 1382 2492 11.
1395 2471 1436 2491 2ο
1448 2461 1505 2502 al.)

814 2508 875 2546 xix
1328 2506 1351 2544 b
1368 2508 1394 2543 ’ἒ
