1747 2745
436 161 912 198 ADDITAMENTVM
954 161 1238 200 CRITICVM

253 280 303 310 19.
322 270 376 301 hic
388 280 519 309 quoque
532 268 661 300 collatis
673 269 760 299 inter
771 279 807 299 se
819 273 851 298 et
861 269 1036 300 pithoeani
1050 268 1337 300 ctPerottinorum
1349 269 1499 301 codicum

169 314 301 345 indiciis
319 314 442 344 ueritas
459 312 597 344 eruitur.
646 312 774 343 librarii
793 312 872 342 illud
892 323 978 352 cum,
996 313 1027 344 h.
1042 323 1070 343 e.
1094 312 1210 342 ‘simul
1223 322 1297 342 cum
1311 312 1319 329 '
1333 313 1388 352 (cs.
1404 315 1412 329 ‘
1426 323 1500 343 curn

168 358 329 389 diluculo'
343 361 406 388 cell.
424 357 507 388 Hor.
521 356 583 397 Ep.
598 356 617 388 i.
633 367 661 395 7.
679 366 716 395 13
732 358 739 373 ⁴
754 366 827 386 cum
840 355 1007 396 Zephyris
1024 380 1032 387 .
1052 380 1059 387 .
1080 380 1085 386 .
1104 361 1137 387 et
1151 356 1330 386 hirundine
1344 356 1501 397 prima’),

169 412 284 442 parurn
304 401 541 440 intellegentes
553 404 777 439 mutauerunt,
800 399 831 430 hi
849 410 908 431 cur
923 400 1081 439 reposito,
1101 400 1133 430 hi
1149 404 1197 430 est
1212 404 1287 439 post
1311 399 1429 430 bruma
1445 400 1502 430 ad·

169 451 265 477 tecto.

212 500 291 520 xxv.
317 499 348 527 9.
387 487 491 519 sidera
516 486 690 519 adludens.
720 492 755 518 ut
781 486 916 526 opinor,
940 486 1111 518 transtulit
1137 486 1320 518 Phaedrus.
1383 486 1502 518 similis

171 533 328 564 ‘stellae'
349 532 432 563 Hor.
451 531 559 562 Serm.
580 533 600 562 i.
621 541 648 569 7.
671 542 710 569 24
729 536 762 562 et
779 530 911 571 ἀστέρος
929 529 1009 562 Eur.
1028 530 1129 571 Hipp.
1150 540 1231 569 1123
1248 529 1429 563 translatio.

259 587 307 608 10.
333 576 521 607 anctoritate
539 586 599 615 pro
617 578 746 606 auctore
761 574 852 605 abuti
870 574 980 613 potuit
1006 574 1177 605 Phaedrus
1200 578 1236 604 ut
1261 576 1269 591 ‘
1283 574 1482 614 aequalitate
1494 574 1502 589 '

171 631 231 661 pro
253 620 479 660 ‘aequalibus'
499 619 589 659 App.
609 619 674 649 xiv.
693 629 744 658 29,
768 618 974 649 ‘seruitute'
994 618 1070 658 (ΙΙΙ.
1090 618 1174 657 prol.
1192 617 1247 657 34)
1268 628 1328 656 pro
1348 618 1499 656 ‘seruo’‚

172 676 232 705 pro
259 663 362 695 ‘deo'
386 663 589 703 ‘religione⁷
612 663 685 698 th.
707 662 748 692 xi.
773 664 818 701 4¹.
858 663 946 701 quod
965 662 1006 693 ad
1029 661 1237 692 Perottinum
1258 661 1338 692 illud
1358 665 1504 692 auctores

170 712 241 749 apte
262 708 391 747 attinet,
420 708 470 738 sac
497 706 651 738 conferas
677 705 821 736 Plinium
853 705 897 737 N.
915 705 960 736 H.
981 705 1012 737 ii.
1036 715 1097 745 153
1129 704 1261 745 ‘qualia
1293 706 1403 746 aptius
1432 704 1503 736 suis

171 752 347 792 reserentur
360 751 464 783 locis’
485 762 492 781 t
516 751 557 781 de
575 750 726 790 pugilum
748 756 755 766 ⁴
769 749 893 789 gloria⁷
912 754 1026 780 narrat
1042 749 1117 780 Ter.
1136 748 1214 779 Hec.
1234 759 1286 788 33.

258 797 308 832 28,
329 806 381 834 27.
407 795 532 826 librarii
550 794 693 825 alicuius
718 793 931 832 neglegentia
952 793 1038 824 inter
1056 804 1093 824 se
1115 797 1193 823 sunt
1216 791 1411 832 transpositi
1435 791 1502 832 qui,

172 851 269 880 quein
287 838 492 870 Simonidem
512 840 544 870 in
563 849 595 869 u.
612 838 653 868 28
669 837 808 877 legerat,
825 836 1037 868 Simonidem
1054 846 1172 867 uersus
1188 845 1229 875 25
1247 846 1322 867 esse
1339 836 1480 877 putauit.

260 883 432 923 Epilogus.

257 938 286 967 9.
316 927 366 958 Cl.
389 926 450 958 Ph.
470 927 533 957 268

740 999 879 1031 LIBER
905 999 936 1031 V

217 1049 235 1078 i.
260 1058 285 1079 1.
311 1046 493 1078 C1.R.21.

262 1101 309 1130 15.
336 1091 385 1121 Cl.
405 1089 445 1128 Q.
464 1099 502 1129 91
523 1099 573 1129 sq.

263 1136 310 1165 18.
338 1134 388 1165 Cl.
409 1134 450 1172 Q.
472 1144 514 1172 90
532 1143 579 1172 sq.

216 1179 259 1209 iii.
282 1189 332 1209 10.
356 1178 405 1209 Cl.
425 1177 465 1215 Q.
485 1186 537 1216 92.

165 1246 167 1248 .
215 1223 255 1253 iv.
274 1233 302 1262 9,
331 1221 371 1252 Α.
391 1221 421 1259 J.
444 1221 503 1252 Ph.
525 1220 598 1259 388.

216 1277 245 1296 ν.
273 1275 324 1305 35.
350 1266 391 1296 A.
409 1265 442 1303 J.
462 1264 523 1295 Ph.
544 1273 616 1303 392.

216 1310 269 1340 vii.
292 1319 340 1348 17.
365 1309 401 1340 C.
424 1309 483 1339 Ph.
502 1308 536 1339 P.
558 1318 589 1347 9.

263 1354 313 1384 18.
332 1352 481 1394 perducit
504 1376 510 1383 .
535 1374 542 1382 .
572 1354 607 1381 ut
630 1349 751 1389 scripsi
778 1349 834 1391 (es.
855 1349 963 1381 Plaut.
985 1348 1080 1381 Most.
1102 1350 1176 1391 198)
1203 1354 1236 1380 ut
1261 1354 1294 1380 et
1317 1349 1507 1381 sententiae

172 1403 205 1428 et
216 1397 381 1428 sermonis
393 1396 504 1427 Latini
516 1393 752 1426 consuetudini
765 1394 885 1425 ceteris
897 1394 1044 1424 inuentis
1057 1393 1212 1435 (adducit,
1222 1393 1362 1433 abducit)
1376 1404 1507 1424 accom-

174 1441 340 1472 modatius
362 1445 394 1471 et
411 1440 454 1471 ad
473 1438 595 1470 reducit
611 1437 765 1478 proxime
784 1438 959 1468 accedens.
1011 1448 1088 1468 nam
1105 1438 1196 1477 quod
1214 1448 1233 1468 a
1249 1447 1282 1467 se
1296 1441 1375 1467 ante
1394 1436 1510 1469 reducit

173 1485 334 1516 exhibent
351 1484 485 1515 codices
502 1483 592 1514 unde
604 1481 738 1512 uenerit
753 1491 827 1512 cum
842 1492 940 1512 nemo
952 1481 1062 1512 adhuc
1073 1481 1275 1521 expedierit,
1289 1491 1332 1511 ex
1343 1480 1507 1521 interpre-

173 1533 321 1560 tamento
341 1526 508 1559 ‘seducit’
529 1530 642 1557 natum
661 1535 737 1556 esse
754 1525 844 1556 haud
861 1524 1006 1556 absurde
1023 1525 1207 1565 putaueris.

259 1573 312 1604 26.
350 1572 497 1603 insonuit
520 1571 683 1602 canticum
710 1574 745 1600 ut
771 1569 898 1601 Statius
922 1568 1007 1600 Sila.
1029 1569 1061 1600 ii.
1085 1579 1112 1608 7.
1134 1578 1193 1608 114
1220 1567 1349 1599 ‘nobile
1374 1578 1508 1599 carmen

174 1617 384 1648 insonantem
399 1616 417 1654 ⁷,
445 1614 598 1656 inposuit,
626 1613 729 1645 medii
754 1613 828 1645 aeui
854 1614 1202 1654 interpretamentum,
1228 1612 1408 1644 etiamnum
1431 1623 1509 1644 con-

173 1660 328 1701 coquitur
343 1670 362 1690 a
380 1659 590 1699 quibusdam.

217 1715 249 1736 x.
269 1705 299 1736 6.
325 1704 374 1735 Cl.
395 1703 437 1743 Q.
459 1704 528 1742 178.

566 1797 806 1829 APPENDIX
834 1797 1105 1829 PEROTTINA

217 1877 236 1909 i.
259 1877 315 1908 1b.
336 1879 530 1917 perterreant
555 1876 644 1915 quod
671 1876 833 1907 exhibent
860 1876 1108 1915 Paraphrastae
1133 1874 1273 1906 serioris
1294 1873 1416 1905 aetatis
1444 1878 1506 1906 est.

174 1919 413 1952 stomachantis
430 1919 517 1950 simii
536 1924 587 1950 est
605 1919 737 1951 litterae
755 1919 906 1950 eiusdem
926 1919 1104 1959 repetitio}
1131 1919 1173 1950 cf.
1193 1929 1222 1949 u.
1241 1928 1270 1957 5.

261 1964 320 2003 5b.
345 1963 498 2004 tegimine
514 1963 657 2003 (Wiss.)
676 1963 821 2003 praetuli
845 1967 1031 2003 tegumento
1056 1974 1096 1994 ea
1119 1963 1160 1994 de
1177 1973 1278 1994 causa
1295 1961 1382 2002 quod
1399 1961 1457 1993 illo
1475 1963 1507 1993 in

169 2009 301 2047 iambis,
321 2008 384 2039 hoc
402 2007 603 2047 in·pedestri
622 2017 781 2038 sermone
799 2006 903 2037 utitur
920 2007 1064 2038 Seneca.

217 2052 250 2083 ii.
267 2062 297 2090 3.
324 2052 411 2092 quod
430 2051 574 2081 coniecit
594 2050 709 2082 Havet
729 2051 948 2082 attribuissem
969 2061 1179 2091 nequaquam
1197 2050 1426 2081 necessarium
1443 2055 1504 2088 est,

174 2106 250 2127 cum
276 2096 403 2126 Natura
428 2099 461 2125 et
486 2095 634 2126 Fortuna
658 2096 703 2135 (u.
726 2095 773 2135 4),
795 2095 888 2134 quasi
913 2100 1032 2127 natura
1056 2095 1274 2134 singulorum,
1294 2104 1404 2134 paene
1421 2093 1508 2124 idem

175 2139 240 2170 sint
257 2150 264 2178 ;
290 2139 329 2171 cf.
351 2138 528 2170 Lucretius
545 2149 577 2171 v.
597 2150 636 2179 77
656 2144 688 2170 et
710 2149 768 2178 107
788 2143 821 2170 et
840 2139 1038 2179 Propertius
1054 2139 1086 2170 ii.
1104 2148 1155 2169 22.
1179 2148 1226 2179 17,
1250 2138 1297 2168 18.

261 2184 291 2215 6.
314 2182 470 2223 gloriam,
490 2193 535 2214 se.
558 2183 805 2223 gloriationem,
827 2183 914 2215 Nou.
934 2183 1013 2215 Fab.
1032 2182 1053 2214 i.
1070 2193 1101 2222 9.

220 2227 260 2260 iv.
279 2238 307 2258 2.
333 2238 411 2258 cura
428 2227 540 2258 subtili
555 2228 657 2258 etiam
682 2226 842 2257 Manilius
863 2226 909 2258 iii.
935 2236 988 2266 43.
1028 2237 1047 2256 a
1063 2229 1143 2257 creta
1159 2224 1274 2256 subtili
1286 2234 1353 2255 non
1370 2224 1508 2255 multum

176 2271 277 2302 distat
301 2272 388 2311 quod
412 2271 549 2311 scripsit
578 2270 745 2301 quenalis
768 2271 835 2301 xiv.
860 2280 911 2309 35.
964 2269 1079 2301 nescio
1097 2270 1186 2300 unde
1210 2268 1370 2308 Hyginus
1390 2268 1508 2299 miram

175 2314 318 2346 fabulam
338 2316 433 2356 (210)
451 2316 493 2346 de
514 2316 521 2333 ‘
537 2315 627 2345 Cura
646 2319 816 2345 cretosum
835 2314 939 2344 lutum
951 2314 959 2330 ⁹
979 2314 1128 2352 fingente
1146 2313 1304 2344 hauserit.

265 2369 315 2390 22.
351 2358 512 2390 consentio
536 2357 829 2398 interpretamenti
856 2357 963 2388 instar
987 2357 1106 2396 habet3
1144 2357 1184 2389 cf.
1211 2356 1313 2396 Corp.
1339 2354 1393 2387 Gl.
1412 2353 1455 2386 iv.
1475 2365 1506 2395 9.

180 2414 228 2443 19,
250 2414 296 2435 10.
315 2413 365 2442 50.

221 2459 249 2478 v.
272 2457 297 2477 1.
326 2445 417 2486 quod
432 2446 553 2477 dictum
573 2449 607 2476 ut
624 2444 656 2474 in
677 2443 734 2474 111.
755 2444 812 2476 xii.
832 2445 861 2475 6.

809 2501 881 2524 xxm
