1747 2745
441 171 916 209 ADDITAMENTVM
958 172 1242 211 CRITICVM

178 281 229 312 his
246 280 359 312 uerbis
377 281 485 312 reddit
503 279 665 321 ‘plurImo
683 280 834 320 rcsertam
847 281 929 311 cibo'
945 293 952 318 ;
970 281 1010 313 cs.
1027 283 1034 299 ‘
1050 281 1182 321 plenam
1199 281 1368 321 :rqsertam
1380 281 1387 298 ’
1401 281 1503 322 Corp.

177 325 228 356 Gl.
255 326 296 357 iv.
321 334 396 365 552.
417 326 459 364 38
482 325 596 365 ‘dapis
614 348 620 355 .
645 324 753 355 cibus’
778 325 820 356 ib.
844 335 872 356 v.
895 326 957 364 283
983 326 1098 365 ‘dapis
1119 325 1251 356 :cz'bus’
1270 326 1311 358 ib.
1333 325 1375 357 iv.
1394 336 1468 365 502.
1487 328 1507 357 6

176 373 242 400 cell.
305 369 395 408 quod
427 367 490 400 Ro.
536 372 710 408 praestant
743 370 751 386 ⁴
768 369 924 399 omnibus
956 369 1067 401 bom‘s'
1100 379 1292 409 sermonem
1333 369 1505 410 uulgarem

178 412 309 444 uidetur
326 422 471 452 sapere3
495 413 536 443 cf.
558 412 737 443 Petronius
758 422 829 452 125.

269 467 298 496 7.
326 455 434 487 locum
451 460 557 486 totum
574 456 771 487 retractanti
789 457 853 488 iam
870 456 960 488 iusto
973 457 1110 488 breuior
1127 459 1218 488 uisus
1235 462 1287 488 est
1303 456 1506 490 Ademarus.

179 511 254 531 nam
282 500 368 540 quod
395 500 497 530 ceteri
524 500 650 531 habent
681 501 812 532 ‘mures
842 501 911 541 (uel
941 501 1002 542 illi)
1029 503 1164 543 strept'lu
1193 502 1294 532 territi
1318 502 1429 541 sugam
1452 507 1510 542 per

177 543 306 574 dimersa
334 543 434 583 joca)
460 543 633 583 petierunt
659 544 712 574 uel
732 549 894 584 ceperunt
917 544 1044 584 (mures
1065 545 1249 585 perterruit
1273 545 1318 576 ita
1338 550 1373 576 ut
1397 545 1508 585 sugam

179 598 240 627 per
256 588 390 618 diuersa
413 588 488 618 loca
504 587 677 627 tenerent)
692 588 698 603 ³
718 599 827 628 neque
847 588 989 628 abrupte
1007 588 1106 620 nimis
1121 589 1310 620 orationem
1330 589 1456 620 inducit
1475 595 1508 621 et

178 631 393 671 exquisitiora
416 632 579 671 quaedam
600 632 740 672 praebet
760 643 859 672 quam
881 642 940 671 pro
958 632 1094 672 ingenio
1113 634 1422 673 Paraphrastarum‚
1443 643 1508 673 quo

179 676 220 705 de
237 685 361 714 genere
378 675 512 706 uidetur
530 675 609 706 illud
620 680 682 716 per
695 676 826 706 diuersa
841 687 848 715 3
877 678 884 693 ‘
899 675 993 706 loca’
1011 677 1101 707 enim
1124 678 1166 708 de
1183 687 1244 708 suo
1262 677 1391 707 addunt
1409 677 1508 716 idque

178 729 245 749 non
279 729 407 750 omnes.
456 719 546 758 quod
574 725 686 750 autem
718 720 810 750 uarie
837 720 948 759 sugam
977 724 1079 760 pelcre
1109 721 1164 751 uel
1192 726 1299 762 capere
1325 720 1379 752 uel
1410 724 1510 751 tenere

180 773 291 793 mures
316 763 403 802 apud
427 772 485 793 eos
510 763 636 801 dicitur,
664 763 728 803 ipsi
754 763 926 794 declarant
951 764 1034 794 nihil
1060 765 1177 795 horum
1202 776 1221 796 a
1246 765 1402 796 Phaedro
1432 774 1507 804 pro-

180 807 303 837 fectum
321 816 408 847 esse,
428 817 526 846 quern
544 807 693 838 breuiter
708 812 742 838 et
759 808 924 838 concinne
941 808 988 839 sic
1005 809 1128 848 opinor
1144 808 1320 849 scripsisse
1337 820 1344 839 :

440 861 504 890 quo
528 861 588 891 per
613 852 745 882 diuersa
770 862 883 882 mures
907 852 1048 891 strepitu
1073 853 1191 891 territi,

442 894 588 925 urbanus
612 900 691 925 noto
716 895 811 926 facile
835 906 872 926 se
895 895 1072 926 abscondit
1095 906 1190 935 cauo,

439 943 472 969 at
498 939 600 969 miser
624 939 739 978 ignota
762 940 906 970 rusticus
930 940 1074 979 trepidat
1098 941 1206 971 domo.

272 993 319 1021 17.
347 981 484 1021 facilius,
504 987 539 1012 ut
556 992 644 1013 nunc
668 983 802 1022 quidem
827 983 909 1014 mihi
934 983 1081 1021 uidetur,
1107 989 1140 1015 et
1163 984 1205 1015 ad
1222 983 1426 1015 sententiam
1443 983 1508 1014 loci

181 1025 465 1058 accommodatius
475 1037 627 1057 securum
642 1037 741 1066 quam
759 1028 964 1067 secumquod
983 1027 1028 1057 illi
1040 1033 1140 1059 antea
1152 1028 1387 1067 praetuleram.
1421 1027 1508 1058 idem

182 1071 223 1101 de
240 1071 326 1101 curis
340 1081 372 1102 u.
393 1071 432 1100 16
448 1070 626 1101 dicendum
645 1076 726 1102 erat.

225 1125 258 1145 x.
276 1124 305 1153 3.
347 1114 388 1144 dc
421 1114 518 1145 tertia
551 1115 805 1154 uespertilionis
843 1115 974 1155 syllaba
1014 1116 1162 1155 pluribus
1202 1116 1234 1145 in
1277 1115 1511 1146 Hermathena

184 1158 203 1190 l.
219 1169 246 1190 e.
267 1157 448 1197 disputaui.

809 2507 894 2546 xxvi
