1747 2745
700 133 1019 172 PRAEFATIO
1053 144 1061 149 ’

195 243 328 282 monia
367 256 444 293 qua
482 250 539 282 est
579 241 780 293 diligentia
821 241 1048 281 Ludouicus
1090 245 1222 282 Havet
1270 245 1309 282 in
1348 244 1522 285 editione

195 308 362 348 Phaedri
394 322 427 347 a.
465 311 563 358 1895
596 307 752 358 collegit
782 307 1054 359 disposuitque
1085 318 1121 348 et
1152 310 1308 360 propria
1337 319 1430 350 nota
1451 325 1523 350 suo

194 376 383 426 quodque
402 373 554 414 auctori
573 373 866 413 accuratissime
887 374 1076 413 adtribuit
1096 390 1103 413 :
1126 389 1205 421 nos
1227 377 1319 414 satis
1348 375 1387 415 id
1416 378 1524 415 duxi-

195 453 281 478 mus
311 439 343 478 si
374 440 564 479 lectiones
599 453 701 490 quae
734 440 902 478 duorum
938 441 1075 478 saltem
1111 441 1343 480 auctoritate
1365 442 1522 481 testium

194 518 339 555 easque
368 518 470 555 quae
499 518 580 544 non
609 504 685 543 nisi
714 518 794 543 uno
823 512 922 543 teste
951 506 1206 544 confirmatae
1235 514 1429 545 exstarent
1450 507 1524 547 dis-

193 583 442 610 cerneremus
483 572 646 621 illasque
684 571 726 608 R
758 571 885 608 littera
924 570 993 608 has
1021 570 1073 609 R'
1104 579 1197 610 nota
1235 571 1523 623 insigniremus,

195 635 234 674 in
254 649 334 687 quo
355 636 451 675 illud
467 648 628 687 quoque
647 635 936 674 attendendum
955 634 1008 673 R‘
1027 643 1162 674 notam
1180 636 1377 676 interdum
1401 637 1460 676 bis
1482 639 1521 676 in

194 715 275 740 uno
295 703 384 741 loeo
403 701 582 741 adhiberi
603 700 672 739 ubi
697 701 939 750 singulorum
964 699 1004 738 in
1030 700 1231 739 diuersum
1258 702 1402 741 abeant
1422 703 1526 742 testi-

195 770 336 806 monia.
396 769 446 807 de
468 766 657 806 Remensi
688 766 819 804 multis
850 765 1012 815 quidem
1042 766 1138 804 locis
1167 766 1265 805 nihil
1295 767 1415 806 hodie
1435 782 1526 807 con-

195 841 279 881 stat,
298 833 474 883 plurimis
495 846 588 872 uero
609 831 866 882 congruentia
886 844 976 869 cum
995 831 1216 870 Pithoeano
1238 834 1268 870 is
1286 832 1526 883 praestitisse

195 899 360 946 uidetur,
391 899 444 937 ita
477 906 610 937 tamen
642 906 684 936 ut
715 897 778 936 hic
815 898 904 943 illic,
944 897 1044 936 sicut
1080 896 1120 935 in
1149 899 1196 935 V.
1229 896 1252 935 i.
1289 912 1319 945 1,
1353 898 1526 938 ueritatis

195 965 358 1015 uestigia
378 964 533 1003 fidelius
555 963 622 1002 illo
643 965 947 1002 conseruauerit.

250 1030 393 1070 Schida
416 1029 518 1068 Petri
552 1028 729 1068 Danielis
760 1028 799 1067 in
830 1029 1083 1079 bybliotheca
1099 1027 1292 1067 Vaticana
1320 1029 1527 1069 adseruata

196 1110 313 1147 quam
343 1097 389 1134 D
417 1095 543 1134 littera
573 1102 756 1133 notamus
788 1094 1019 1133 breuissima
1048 1102 1202 1132 tantum
1233 1094 1382 1145 indiget
1422 1109 1528 1134 men-

195 1162 313 1201 tione.
371 1162 477 1200 VIII
499 1161 675 1200 continet
696 1160 847 1198 fabulas
870 1161 901 1198 I.
926 1159 1056 1198 xi—xiii
1083 1167 1121 1198 et
1145 1159 1324 1208 xvii-xxi,
1348 1160 1526 1200 bonitate

197 1229 415 1267 Pithoeano
436 1240 516 1266 non
537 1227 684 1266 cedens
705 1238 778 1263 nec
806 1232 940 1264 tamen
967 1225 1150 1275 propiore
1177 1238 1268 1263 curn
1293 1224 1361 1263 illo
1389 1238 1528 1276 cogna-

196 1293 303 1333 tione
323 1292 556 1339 coniuncta3
586 1305 679 1330 nam
700 1303 836 1329 uersus
857 1290 1016 1329 exhibet
1037 1289 1246 1329 distinctos
1270 1297 1314 1328 ut
1336 1290 1528 1330 Perottini

197 1358 293 1406 libri,
316 1371 407 1405 non,
441 1365 483 1396 ut
512 1358 586 1403 ille,
619 1356 807 1405 deinceps
837 1363 875 1395 et
905 1369 986 1395 uno
1016 1363 1153 1394 tenore
1181 1355 1410 1406 descriptos,
1443 1364 1528 1395 tum

196 1424 291 1463 alios
311 1425 426 1474 plane
446 1423 667 1461 fabularum
685 1421 828 1459 titulos.
882 1422 1229 1471 Paraphrastarum
1253 1422 1303 1460 de
1328 1434 1410 1472 quo
1431 1420 1529 1460 infra

196 1492 347 1529 dicetur
384 1488 565 1528 codicem
604 1486 764 1538 propius
799 1485 956 1525 uidetur
995 1486 1216 1537 attingere:
1255 1488 1303 1525 cf.
1345 1488 1436 1526 adn.
1477 1488 1529 1526 ad

198 1558 228 1595 I.
242 1556 318 1595 xiii.
339 1569 397 1594 12.
456 1553 618 1593 schidae
639 1552 829 1603 imagines
850 1553 1045 1591 dederunt
1061 1552 1291 1603 Leopoldus
1315 1551 1528 1601 Hervieux,

197 1624 268 1661 Les
301 1621 513 1660 Fabzclz‘stes
542 1620 661 1657 latins
691 1625 716 1657 t.
745 1619 782 1665 ii,
805 1631 844 1668 p.
875 1619 926 1665 84
954 1618 1014 1656 ed.
1045 1617 1081 1665 ii,
1113 1619 1144 1657 I.
1175 1619 1225 1657 xi.
1260 1618 1370 1656 2-xii.
1407 1632 1465 1666 14,
1492 1625 1531 1656 et

197 1687 388 1727 Aemilius
437 1683 661 1731 Chatelain,
707 1683 986 1733 Palebgraplnk
1033 1684 1097 1721 des
1150 1684 1366 1733 Classz'ques
1413 1684 1530 1722 latins

197 1767 260 1792 no.
288 1755 372 1803 165.
397 1766 428 1799 2,
454 1752 485 1790 I.
509 1750 571 1789 xii.
599 1749 748 1800 15-xiv.
775 1763 833 1797 12,
857 1757 895 1789 et
916 1749 1017 1789 xviii.
1046 1749 1182 1788 1—xxii.
1210 1763 1267 1789 ro.

251 1822 407 1859 Partem
447 1825 597 1856 tantum
639 1815 862 1854 fabularum
903 1814 942 1854 in
971 1814 1192 1854 Pithoeano
1219 1828 1304 1854 esse
1335 1822 1529 1855 seruatam

197 1899 278 1926 non
315 1898 397 1924 uno
434 1884 599 1923 efficitur
636 1889 882 1932 argumento.
942 1880 1120 1932 quinque
1157 1881 1379 1920 fabularum
1408 1881 1530 1920 libros

197 1951 394 2002 scripsisse
415 1963 506 1989 eum
528 1955 691 1988 testatur
712 1946 891 1986 Auianus
921 1946 962 1985 in
982 1947 1150 1998 epistula
1170 1948 1221 1986 ad
1242 1947 1529 1986 Theodosium.

196 2019 304 2068 atqui
337 2016 556 2055 Pithoeano
589 2026 692 2065 quae
731 2013 984 2052 continentur
1020 2012 1084 2052 uix
1111 2026 1157 2052 ac
1189 2026 1239 2051 ne
1270 2014 1335 2051 uix
1367 2012 1529 2063 quidem

198 2085 313 2123 trium
348 2083 512 2121 modum
552 2078 805 2130 expleuerint.
875 2078 972 2129 quid
1011 2079 1120 2129 quod
1160 2079 1243 2128 ipse
1281 2078 1439 2117 arbores
1478 2079 1532 2117 lo-

197 2148 353 2200 quentis
388 2145 587 2186 induxisse
622 2158 663 2184 se
697 2143 793 2184 dicit
824 2145 842 2183 1
873 2145 971 2195 prol.
1008 2146 1030 2181 6
1070 2142 1138 2195 (cf.
1170 2144 1277 2182 Nou.
1309 2142 1404 2181 Fab.
1435 2141 1528 2195 viii),

198 2214 308 2253 cuius
328 2215 382 2252 rei
403 2214 443 2251 in
465 2212 685 2251 Pithoeano
706 2223 780 2250 nec
801 2211 891 2249 uola
913 2222 986 2249 nec
1006 2207 1248 2259 uestigium?
1283 2209 1380 2258 quid
1400 2207 1529 2247 dicam

198 2281 248 2319 de
277 2279 417 2318 fabulis
446 2285 579 2328 aperte
607 2278 684 2315 fine
711 2275 875 2314 initioue
907 2274 1132 2314 carentibus
1157 2280 1199 2312 ut
1222 2274 1293 2311 IV.
1318 2272 1380 2311 xiv
1400 2280 1438 2312 et
1461 2274 1530 2311 IV.

198 2344 263 2382 xiii
291 2357 409 2393 quarn
437 2341 614 2381 mutilam
642 2353 728 2380 esse
756 2348 836 2379 tam
868 2340 1013 2380 indicia
1039 2340 1385 2389 Paraphrastarum
1409 2351 1526 2388 quam

200 2422 259 2448 res
282 2408 363 2459 ipsa
384 2409 555 2447 declarat
572 2409 589 2445 ?

850 2486 885 2509 1v
