1747 2745
401 539 940 584 ADDITAMENTVM
983 541 1292 586 CRITICVM

225 663 291 694 ῘΑΜ
309 673 391 694 uero
408 674 495 703 quae
513 665 554 695 de
572 665 714 703 singulis
740 665 883 697 Phaedri
903 666 983 698 locis
1009 667 1052 697 ita
1077 667 1239 698 adnotare
1266 667 1371 698 uisum
1399 674 1450 699 est
1475 674 1510 700 ut

183 707 257 747 ipsa
270 707 397 747 scripta
410 708 665 739 reuoluentibus
678 710 771 740 oneri
791 720 833 740 ne
851 716 975 748 essent,
996 711 1049 741 hic
1067 711 1255 741 summatim
1275 716 1308 742 et
1327 722 1387 751 pro
1406 712 1510 751 ipsius

179 750 344 782 breuitate
354 751 538 783 adferenda
551 758 640 784 sunt.
667 751 700 783 in
714 763 779 792 quo
790 754 970 785 conueniet
983 764 1021 784 ea
1034 764 1116 794 quae
1130 754 1194 784 iam
1205 755 1289 785 alias
1300 755 1342 785 de
1354 754 1510 786 Phaedro

179 794 425 834 disputauimus
440 795 759 828 commemoratione
777 802 905 828 tantum
925 808 1040 837 eaque,
1068 808 1110 828 ne
1133 802 1243 828 actum
1266 808 1370 837 agere
1395 799 1504 829 uidea—

179 848 264 876 mur,
283 838 481 869 breuissima
498 849 558 869 suo
575 839 721 879 quidque
739 839 813 871 loco
830 841 1013 881 attingere.
1059 846 1138 872 sunt
1154 846 1264 871 autem
1284 842 1385 873 haec:

222 881 423 921 Cambridge
442 882 663 923 Philological
683 882 925 924 Proceedings,
949 885 1041 924 1897,
1061 895 1116 924 pp.
1136 895 1169 924 9,
1192 895 1239 916 10.
1291 884 1347 926 [C.
1368 885 1429 918 Ph.
1452 886 1504 927 R]

223 925 386 957 Classical
405 925 596 966 Philology‚
615 931 637 957 t.
655 926 726 964 xiii,
750 928 842 966 1918,
861 938 916 968 pp.
937 929 1075 967 262-71.
1128 927 1194 969 [Cl.
1214 928 1295 969 Ph.]

223 968 386 1000 Classical
409 968 601 1009 Quarterly,
626 974 648 1001 t.
673 970 733 1008 xii,
761 971 852 1010 1918,
871 981 925 1011 pp.
945 972 1076 1012 89-97;
1109 981 1166 1011 pp.
1192 974 1340 1012 151—613
1373 984 1402 1013 p.
1429 974 1508 1012 178;

180 1017 201 1043 t.
220 1012 289 1051 xiii,
312 1021 404 1052 1919,
425 1022 480 1052 pp.
499 1014 593 1052 81-7.
643 1012 709 1054 [Cl.
730 1012 789 1055 Q]

221 1055 404 1087 American
414 1055 554 1093 Journal
567 1056 606 1087 of
615 1056 802 1096 Philology‚
820 1063 841 1089 t.
852 1058 971 1097 xxxix,
985 1060 1076 1099 1918,
1091 1069 1147 1099 pp.
1164 1059 1303 1099 383-92.
1331 1059 1508 1103 [A.J.Ph.]

222 1098 387 1130 Classical
405 1099 559 1137 Review,
579 1105 603 1131 t.
620 1099 738 1138 xxxiv,
759 1110 850 1140 1919,
871 1112 926 1141 pp.
950 1112 1066 1142 19-24.
1116 1102 1185 1144 [cl.
1208 1102 1268 1143 R.]

223 1141 466 1182 Hermathena,
485 1143 561 1175 fasc.
581 1143 650 1181 xlii,
675 1154 766 1183 1920,
786 1155 840 1184 pp.
863 1147 980 1185 52-63.

743 1221 882 1252 LIBER
910 1218 930 1253 I

224 1281 257 1314 ii.
275 1283 327 1313 28.
351 1280 505 1322 Tonans]
522 1280 574 1312 CI.
593 1280 656 1313 Ph.
673 1283 747 1320 263.

224 1325 268 1358 iii.
289 1337 316 1366 7.
343 1325 508 1356 immiscet
525 1335 563 1355 se
581 1325 630 1366 ut]
649 1325 701 1357 Cl.
721 1325 760 1363 Q.
779 1336 831 1365 92.

265 1380 297 1409 9.
322 1369 502 1409 fugantque
521 1368 653 1409 rostris]
673 1369 723 1401 Cl.
742 1368 783 1407 Q.
802 1379 855 1408 92.

269 1423 317 1452 13.
345 1413 607 1453 Paraphrasium
626 1413 701 1443 sons
723 1414 729 1430 ‘
745 1413 887 1445 uestris.
904 1437 911 1446 .
930 1439 936 1446 .
955 1413 1129 1446 uestibus’
1149 1415 1308 1446 habuisse
1318 1415 1463 1447 uidetur.

224 1456 266 1488 iv.
280 1467 311 1487 2.
329 1456 370 1488 A.
387 1456 419 1495 J.
440 1456 499 1488 Ph.
519 1457 591 1496 384.

223 1511 253 1532 v.
273 1511 303 1540 7.
327 1499 377 1532 Cl.
397 1500 456 1531 Ph.
477 1501 552 1538 265.

267 1545 297 1574 8.
322 1549 355 1575 et
373 1543 415 1574 ad
433 1543 496 1574 loci
511 1543 711 1575 sententiam
729 1554 814 1583 quae
830 1544 890 1575 suit
908 1545 949 1575 de
966 1544 1011 1584 τῷ
1029 1545 1061 1584 ἐξ
1075 1544 1145 1576 ἴσου
1157 1546 1295 1585 κοινωνῷ
1308 1545 1408 1577 Babr.
1424 1547 1475 1585 67.
1490 1555 1508 1585 5

180 1588 294 1628 aptius
311 1593 363 1618 est
380 1597 509 1618 consors
526 1597 624 1627 quam
644 1587 747 1617 socius
765 1592 798 1618 et
815 1589 857 1619 ad
875 1588 1029 1619 codicum
1047 1589 1247 1629 scripturam
1266 1589 1416 1629 propius,
1435 1600 1506 1620 cum

181 1641 243 1672 per
253 1631 552 1671 homoeographon
565 1641 623 1662 con
637 1636 713 1671 post
726 1642 804 1661 sum
815 1632 992 1672 absumpto
996 1631 1071 1672 sors
1083 1633 1182 1663 facile
1195 1633 1226 1663 in
1229 1632 1330 1672 fortis
1343 1633 1508 1664 abiturum

181 1680 283 1707 esset.

224 1719 267 1751 vi.
286 1730 312 1759 1,
329 1729 359 1751 2.
386 1718 436 1750 Cl.
457 1718 516 1751 Ph.
536 1719 608 1750 266.
644 1719 732 1758 quod
751 1717 815 1749 illic
834 1719 910 1750 dedi
931 1722 938 1736 ‘
954 1730 1015 1751 uos
1032 1724 1147 1750 uestra
1164 1730 1249 1760 quae
1274 1719 1342 1750 sint
1365 1719 1508 1751 audiatis

180 1763 302 1802 gaudia
315 1763 324 1779 ’
343 1763 453 1794 minus
470 1763 579 1802 placet
597 1772 694 1801 quam
714 1763 803 1802 quod
821 1763 884 1794 hic.
921 1764 929 1781 ‘
946 1764 1080 1794 audite’
1098 1764 1186 1794 enim
1206 1763 1311 1803 magis
1329 1763 1507 1794 Phaedria-

180 1817 260 1837 num
284 1805 343 1847 (cf.
361 1806 450 1846 App.
470 1806 563 1838 xviii.
587 1807 639 1846 16)
658 1811 711 1837 est
729 1817 839 1845 neque
859 1808 865 1822 ‘
882 1807 1014 1846 inquit’
1033 1807 1260 1839 abiciendum.

224 1850 281 1882 vii.
299 1861 327 1882 1.
352 1850 441 1890 quod
464 1850 554 1881 inter
578 1850 710 1890 uulpem
735 1855 769 1881 et
793 1850 912 1891 lupum
938 1851 1088 1882 uarietur
1101 1861 1142 1881 ne
1159 1851 1259 1882 nimis
1272 1851 1410 1890 mireris,
1431 1860 1508 1882 con-

182 1893 342 1925 serendus
357 1899 409 1925 est
426 1894 519 1925 locus
536 1894 751 1934 Appendicis
768 1895 860 1926 xxvi.
883 1904 952 1933 1-5.
1001 1900 1034 1925 ut
1059 1904 1178 1925 uersus
1206 1905 1218 1924 1
1235 1895 1255 1924 b
1280 1895 1505 1931 intercideret,

181 1937 293 1969 effecit
309 1937 606 1978 homoeographon
623 1941 711 1977 -erat‚
730 1941 819 1969 -erat.
857 1938 940 1969 ‘huc
956 1938 1032 1968 illuc
1048 1939 1194 1968 uertere'
1213 1938 1312 1968 etiam
1326 1938 1440 1968 Liuius
1452 1938 1506 1968 vii.

181 1991 201 2021 3
246 1991 298 2057 92.
323 2025 418 2057 habet
432 2030 523 2057 recte
540 2036 577 2056 se
596 2025 722 2056 habere
737 2025 855 2056 suadet
873 2025 1008 2065 quidem
1024 2025 1153 2064 Aesopi
1166 2034 1251 2063 quae
1263 2024 1385 2055 dicitur
1399 2023 1507 2055 sabula

181 2078 221 2108 47
248 2069 380 2109 (Halm)
398 2069 449 2100 οἵα
473 2069 597 2109 κεφαλὴ
622 2068 805 2110 ἐγκέφαλον
830 2069 887 2099 οὐκ
910 2068 977 2107 ἔχει
1005 2078 1065 2099 nec
1091 2073 1202 2098 tamen
1228 2068 1409 2106 persuadet
1434 2078 1507 2098 cum

181 2111 277 2144 habes
292 2113 399 2153 magis
417 2112 664 2144 Phaedrianum
682 2113 746 2152 sit;
772 2111 812 2144 cs.
834 2111 891 2142 111.
913 2112 968 2142 xii.
989 2122 1019 2152 3.

224 2156 293 2188 viii.
313 2167 341 2196 7.
367 2157 417 2189 Cl.
440 2157 481 2188 R.
499 2167 551 2196 23,
571 2167 604 2189 n.
623 2167 652 2187 2.

225 2200 296 2231 xiii.
318 2210 344 2231 1.
372 2201 465 2240 Quae
481 2201 621 2231 seminas
638 2199 757 2239 tangit.

269 2253 300 2283 5.
324 2243 443 2275 inuidit
458 2243 610 2274 bifariam
625 2244 768 2275 diuisum
786 2244 838 2275 hic
853 2247 889 2273 ut
905 2242 988 2274 uidit
1004 2243 1123 2273 sactum
1137 2246 1197 2280 est,
1215 2241 1280 2272 illic
1295 2251 1369 2271 cum
1384 2241 1507 2272 inante

183 2286 222 2317 ui
233 2287 417 2319 excidisset
433 2287 623 2327 languidum
641 2287 722 2318 illud
739 2287 827 2318 hunc
843 2287 874 2317 in
893 2286 999 2317 locum
1019 2296 1159 2317 uacuum
1185 2286 1336 2324 recipere
1354 2291 1505 2316 coactum

182 2334 243 2361 est.

273 2384 321 2405 10.
347 2372 422 2412 lato,
433 2374 452 2405 i.
468 2385 499 2414 q.
516 2375 647 2406 ‘hiante
659 2375 686 2413 '3
710 2375 750 2406 cf.
764 2375 866 2414 Verg.
878 2374 924 2406 A.
937 2375 968 2404 ii.
981 2374 1054 2412 482.
1097 2373 1186 2412 quod
1198 2372 1238 2403 ad
1252 2372 1359 2402 emisit
1375 2372 1505 2410 attinet,

183 2417 273 2448 misit
287 2418 375 2458 apud
393 2418 583 2450 Phaedrum
603 2419 646 2450 11.
663 2419 707 2450 iii.
727 2429 756 2458 2,
776 2418 865 2458 apud
883 2417 924 2457 Q.
941 2417 1092 2449 Curtium
1111 2417 1152 2448 iv.
1171 2417 1201 2447 6.
1225 2425 1259 2447 11
1283 2418 1425 2446 ‘coruus
1442 2437 1448 2444 .
1470 2439 1476 2446 .
1497 2439 1504 2446 .

183 2461 335 2500 glaebam
353 2462 483 2494 amiszt'
501 2462 632 2502 legitur.

259 2523 345 2544 nme
813 2505 885 2543 xvii
1375 2504 1399 2540 b
