1747 2745
930 183 1070 220 FABx·
1083 184 1185 220 [ΑΒ
1219 182 1410 222 NOVAE
1443 183 1569 220 nst-X

238 298 275 327 at
307 289 425 327 miser
454 288 586 339 ignota
618 291 784 328 rusticus
815 290 981 340 trepidat
1012 292 1146 334 domo,

240 362 487 403 mortemque
517 362 697 392 metuens
727 368 796 404 per
825 354 990 404 parietes
1020 354 1190 393 cursitat.
1534 370 1570 392 ιο

240 431 385 464 uerum,
418 417 485 456 ubi
515 431 616 468 quae
649 418 772 457 uoluit
804 419 958 457 sustulit
990 419 1167 458 cellarius

237 482 456 532 clausitque
482 483 613 530 limen,
646 483 784 522 iterum
816 484 988 522 urbanus
1020 484 1205 522 rusticum

236 548 286 585 ad
317 559 449 585 escam
480 548 681 594 hortatur;
711 549 775 586 ille
805 549 972 598 pauidus
1006 548 1101 586 ‘Vix
1132 561 1246 597 queo.

237 612 394 650 censen’
425 611 621 651 redibit?'
649 613 746 651 alter
779 614 973 650 ‘Tantum
1005 626 1097 663 ergo
1127 614 1271 650 times?

238 676 343 714 haud
372 684 518 715 temere
547 677 617 715 has
646 675 824 715 inuenire
853 676 1013 716 delicias
1043 678 1190 726 potes'.
1532 692 1567 724 15

237 741 440 791 respondit
472 741 611 782 ‘Curis
639 743 751 792 glans
781 755 844 780 me
874 750 1008 792 pascat
1038 742 1202 780 liberum
1221 741 1241 779 ’.

290 807 479 846 Securum
510 816 568 846 est
600 807 738 846 melius
768 806 808 845 in
838 806 1024 857 pauperie
1054 807 1188 846 uiuere

238 885 355 921 quarn
387 872 613 912 diuitiarum
644 872 750 924 carpi
781 871 1056 911 sollicitudine.

775 1005 811 1042 X

629 1097 941 1130 VESPERTILIO

291 1183 465 1235 BELLVM
494 1180 682 1231 gerebant
712 1182 892 1220 uolucres
922 1194 1011 1219 cum
1042 1181 1366 1232 quadrupedibus

235 1254 271 1284 et
303 1246 425 1284 modo
454 1247 660 1284 uincentes
690 1245 952 1284 uincebantur
981 1246 1142 1284 denuo:

234 1320 272 1349 at
304 1310 539 1361 uespertilio‚
571 1310 714 1349 dubios
745 1317 911 1349 euentus
942 1309 1097 1355 timens,

234 1374 396 1427 (aciem)
423 1388 545 1425 quam
576 1374 704 1424 primo
734 1374 977 1424 superiorem
1009 1376 1172 1423 uiderat,

235 1443 284 1481 ad
315 1454 403 1481 eam
435 1454 478 1480 se
506 1440 736 1480 conserebat
765 1438 962 1492 <fortunae
991 1440 1154 1492 comes).
1546 1458 1564 1489 5

281 1557 303 1585 9
329 1546 474 1576 rusticus
491 1549 566 1576 ante
582 1545 698 1583 ignota
714 1543 806 1575 habet
821 1543 890 1574 Ad.
1018 1554 1057 1574 10
1080 1554 1141 1583 per
1157 1545 1307 1584 parietes
1324 1545 1387 1577 Ro.
1406 1549 1545 1586 exparte
1561 1558 1566 1576 :

239 1589 328 1620 circa
345 1598 378 1628 p.
394 1588 465 1621 Ad.
604 1587 663 1618 11*
687 1597 804 1618 uerum
826 1587 955 1627 scripsi:
980 1593 1014 1617 at
1032 1587 1085 1618 uel
1097 1593 1148 1618 ast
1166 1588 1219 1618 uel
1233 1599 1314 1620 uero
1332 1588 1395 1620 Ro.
1413 1599 1478 1619 om.
1496 1589 1566 1619 Ad.

241 1633 295 1663 ubi
314 1631 376 1663 Ro.
394 1642 461 1663 om.
478 1631 547 1663 Ad.
660 1642 748 1670 quae
770 1630 876 1661 uoluit
898 1641 924 1661 s.
944 1641 971 1660 c.
990 1632 1122 1671 scripsi:
1146 1631 1339 1663 cellararius
1362 1643 1392 1671 q.
1416 1632 1518 1663 uoluit
1539 1643 1564 1663 s.

240 1675 307 1707 Ad.
325 1689 331 1707 ι
355 1686 389 1716 q.
406 1675 542 1706 uolebat
560 1675 632 1714 (hoc
651 1674 764 1713 Wiss.)
781 1684 809 1706 s.
829 1673 985 1704 cellarius
1003 1674 1160 1705 Burman
1291 1686 1329 1715 13
1353 1675 1409 1706 ille
1426 1676 1567 1714 pauidus

242 1720 297 1750 uix
312 1729 401 1759 queo
411 1719 543 1759 scripsi:
564 1725 599 1750 at
612 1719 666 1749 ille
679 1719 736 1749 uix
750 1727 888 1757 possum
901 1717 999 1748 ualde
1013 1718 1214 1756 perterritus
1226 1718 1294 1750 Ad.
1366 1729 1403 1757 14
1427 1720 1564 1750 censen'

241 1763 362 1794 redibit
377 1762 509 1802 scripsi:
536 1768 678 1802 putasne
696 1761 810 1792 ueniet
826 1760 893 1791 Ad.
1000 1761 1086 1791 alter
1106 1767 1126 1792 t.
1148 1771 1177 1794 e.
1196 1762 1295 1793 times
1311 1763 1444 1803 scripsi:
1468 1763 1523 1793 ille
1541 1769 1563 1793 t.

241 1819 272 1839 e.
289 1811 446 1838 metuens
466 1807 512 1838 ait
529 1805 598 1838 Ad.
616 1818 623 1837 z
647 1806 702 1836 ille
724 1805 801 1844 quid
825 1810 953 1835 tantum
975 1805 1095 1836 times?
1117 1805 1276 1836 Burman
1413 1815 1451 1845 15
1478 1807 1566 1836 haud

240 1857 367 1882 temere
386 1851 447 1881 has
462 1850 608 1891 sempsit,
621 1850 709 1881 haud
726 1849 786 1880 has
803 1854 837 1879 tu
855 1848 922 1879 Ad.
941 1862 945 1879 ι
969 1849 1056 1879 haud
1076 1849 1137 1879 has
1154 1849 1212 1879 tibi
1236 1849 1338 1880 Thiele
1469 1855 1567 1889 potes

246 1894 366 1927 Tln'ele:
391 1894 519 1934 poteris
538 1898 629 1926 (ante
645 1892 814 1931 inuenire)
833 1892 900 1924 Ad.
995 1893 1034 1922 16
1058 1893 1231 1931 respondit
1247 1893 1382 1933 scripsi:
1407 1893 1457 1924 cui
1476 1903 1565 1932 resp.

239 1938 308 1970 Ad.
400 1939 491 1969 curis
515 1937 611 1977 glans
636 1948 689 1969 me
714 1948 744 1977 p.
772 1936 910 1967 liberum
936 1937 1069 1976 scripsi:
1104 1946 1156 1966 me
1181 1936 1277 1975 glans
1300 1946 1450 1968 securam
1477 1947 1508 1976 p.
1534 1941 1567 1967 et

241 1981 378 2013 liberam
394 1981 464 2013 Ad.
558 1982 615 2021 17*
640 1982 716 2021 quia
734 1981 852 2012 melius
868 1985 919 2011 est
936 1981 969 2010 in
987 1979 1222 2020 paupertatula
1238 1989 1298 2010 sua
1314 1990 1428 2011 secum
1449 1981 1566 2011 uiuere

240 2025 306 2056 Ad.
324 2025 415 2066 quod
427 2026 557 2064 correxi,
577 2026 661 2056 inter
673 2035 825 2056 securum
843 2029 874 2055 et
889 2034 1002 2055 secum
1021 2025 1177 2054 nai-icitur
1190 2025 1224 2053 in
1240 2023 1302 2054 Ro.

283 2068 326 2100 X.
353 2066 418 2100 Th
441 2079 493 2108 54.
516 2069 616 2110 praefi
635 2075 670 2110 p.
693 2079 788 2107 ccxv,
813 2068 859 2100 Cl.
882 2068 921 2107 Q.
943 2068 998 2099 xii.
1020 2078 1080 2108 159
1101 2078 1147 2107 sq.
1195 2066 1315 2097 Exstat
1337 2067 1430 2106 apud
1450 2067 1516 2097 Ad.
1541 2071 1570 2096 et

238 2112 314 2146 Ro..
335 2112 387 2143 hic
405 2116 516 2143 tamen
538 2112 674 2144 dilatato
693 2116 890 2153 argumento
910 2116 939 2142 et
962 2112 1066 2142 uerbis
1090 2121 1215 2152 quoque
1233 2111 1284 2141 ln'c
1299 2110 1362 2141 illic
1377 2111 1568 2141 immulalis

237 2167 256 2186 2
282 2155 505 2188 uincebantur
521 2158 631 2188 denuo
648 2157 779 2197 scripsi:
805 2157 924 2187 iterum
944 2156 1166 2187 uincebantur
1181 2154 1249 2185 Ad.
1355 2154 1395 2192 3*
1419 2155 1463 2184 ita
1479 2153 1568 2184 Bur-

238 2200 364 2231 nmn*:
396 2200 473 2231 dub.
500 2200 621 2231 timens
649 2206 792 2231 euentus
820 2199 1014 2240 uespertilio
1039 2199 1223 2230 Housman
1248 2201 1331 2229 auct.
1356 2197 1499 2228 Pln'lom.
1526 2207 1569 2236 39

239 2254 322 2274 usus
342 2243 479 2284 infirmo
499 2254 579 2274 sane
601 2248 696 2275 teste:
720 2244 917 2283 uespertilio
940 2243 1016 2274 dub.
1036 2247 1180 2275 euentus
1196 2242 1322 2272 timens
1337 2240 1408 2272 Ad.
1425 2252 1431 2271 :
1456 2244 1489 2271 at
1512 2251 1567 2271 ue-

237 2287 392 2327 spertilio
403 2288 524 2318 dubius
536 2292 569 2318 et
581 2297 703 2327 graues
715 2293 859 2318 euentus
869 2288 992 2318 timens
1004 2286 1066 2318 Ro.
1134 2297 1154 2325 4
1177 2286 1283 2316 aciem
1296 2284 1373 2316 add.
1389 2283 1544 2315 Zander*
1561 2295 1569 2313 :

236 2341 304 2362 om.
330 2330 402 2362 Ad.
421 2342 428 2361 :
452 2331 566 2361 testari
586 2330 743 2362 uidentur
762 2330 825 2362 Ro.
849 2341 886 2361 ex
906 2335 998 2371 parte
1020 2330 1097 2370 quia
1119 2329 1274 2370 superior
1297 2334 1368 2359 erat
1392 2333 1426 2360 et
1449 2337 1569 2366 magna

237 2374 328 2405 acies
345 2374 602 2414 quadrupedum
618 2375 797 2405 exhibentes
879 2385 977 2414 quam
995 2373 1145 2405 Zandet*
1159 2385 1165 2404 :
1190 2382 1290 2412 quem
1307 2371 1375 2404 Ad.
1461 2370 1568 2411 primo

238 2417 447 2457 superiorem
465 2418 598 2458 scripsi:
622 2428 696 2458 sup.
712 2428 743 2456 q.
761 2418 870 2457 primo
883 2417 952 2450 Ad.
1013 2417 1143 2448 uiderat
1161 2415 1316 2448 Zander:
1339 2415 1481 2447 uidisset
1498 2413 1567 2445 Ad.

238 2470 258 2501 5
284 2461 438 2493 fortunae
456 2471 571 2492 comes
585 2460 662 2493 add.
682 2461 836 2493 Zander:
859 2472 928 2492 om.
943 2460 1012 2492 Ad.
