1747 2745
431 172 905 210 ADDITAMENTVM
948 172 1232 212 CRITICVM

719 305 860 337 LIBER
886 305 931 337 1V

257 366 422 406 Prologus
439 368 460 398 6
477 367 541 408 ipsc
564 366 697 407 incipiat
712 366 836 397 tradere
854 377 961 406 paene
981 366 1069 397 idem
1088 371 1139 398 est
1163 372 1264 408 atque
1283 368 1347 409 ipsc
1363 369 1472 400 tradat
1487 382 1494 405 ς

169 409 210 442 cs.
233 410 432 450 Propertius
449 411 481 441 ii.
505 420 551 449 15.
569 419 608 449 31
634 420 708 450 sqq.
730 410 1269 452 ‘deludet—agitabit—incipient
1291 423 1494 444 reuocare—

168 454 234 486 erit
247 455 255 471 ⁷
274 455 353 486 alibi
371 460 405 485 et
422 460 537 485 noster
554 454 579 485 Ι.
599 453 713 484 xxviii.
734 464 763 493 5.

259 507 306 537 14.
334 499 423 538 quod
441 497 571 529 uacam's
587 497 708 537 scripsi
742 498 781 528 cf.
804 497 864 529 111.
886 497 972 529 Prol.
994 508 1022 537 2,
1048 507 1096 529 12.

211 541 243 573 ii.
268 551 295 574 1.
323 541 496 573 Phaedrus
513 541 649 572 ioculari
662 540 786 572 dixerit
802 551 843 571 an
859 541 995 572 ioculare
1006 542 1201 573 discernere
1217 543 1302 574 haud
1317 543 1409 574 facilc
1429 551 1490 575 est.

170 585 400 617 ‘ioculantes’
431 585 586 624 ambigue
613 584 740 616 Liuius.
788 584 966 622 ‘ioculari,
983 585 1221 626 εὐτραπελίσαι,
1242 587 1492 627 προπηλακίσαι’

168 629 268 670 Corp.
290 629 342 660 Gl.
363 629 396 661 ii.
415 640 467 669 91.

254 684 285 712 4.
312 672 361 705 Cl.
380 673 420 712 Q.
439 684 490 713 95.

255 717 289 748 8.
311 717 381 748 sine
396 716 543 757 mercede,
563 716 613 748 Cl.
632 716 673 756 Q.
691 726 745 756 90,
766 715 815 747 Cl.
838 716 880 747 R.
899 726 949 746 22.

194 797 209 809 s
260 761 309 793 16.
328 765 405 801 post
430 761 702 801 aliquot—uenit,
734 760 835 791 simili
869 760 1003 790 dicendi
1036 761 1136 791 modo
1167 761 1361 800 Lygdamus
1385 762 1426 794 vi.
1453 772 1493 801 32

174 807 181 823 ‘
197 803 291 836 uenit
307 809 385 844 post
401 805 526 836 multos
544 815 608 836 una
625 814 747 835 serena
765 803 837 834 dies
853 804 872 835 ’.

211 859 242 880 v.
263 858 316 887 42.
336 848 445 890 gerat]
463 849 598 890 imperet
609 848 733 880 dictum
748 852 782 878 ut
799 848 807 864 ‘
821 857 940 878 cenam
954 847 1138 887 imperare'
1153 848 1272 879 similia
1287 859 1294 887 ;
1321 849 1362 880 dc
1376 850 1494 889 quibus

169 892 210 924 cf.
229 891 328 933 Gow,
346 892 396 923 Cl.
417 892 503 924 Rev.
524 892 614 923 xxvi.
636 902 689 931 50.
728 891 829 930 serat,
851 891 882 923 h.
904 902 932 921 e.
954 890 1017 921 sibi
1035 891 1174 922 auferat.

257 946 309 975 44.
334 935 487 967 luxuriae
502 936 624 966 domus
641 946 700 975 pro
718 938 725 952 ‘
739 935 908 966 luxuriosa
920 935 927 951 '
941 940 1059 966 contra
1070 935 1245 967 latinitatis
1257 936 1352 976 leges
1364 942 1491 977 peccat.

170 979 302 1011 restitui
319 980 406 1019 quod
424 980 524 1020 plane
542 979 790 1010 Phaedrianum
809 984 870 1010 est.

212 1023 255 1055 vi.
275 1033 306 1055 2.
332 1026 411 1063 quot
422 1027 516 1062 sunt,
533 1023 582 1055 Cl.
603 1023 644 1062 Q.
661 1032 713 1063 95.

213 1066 266 1099 vii.
289 1076 314 1098 1.
342 1066 392 1098 Cl.
413 1066 455 1099 R.
474 1077 526 1098 20.

256 1120 285 1150 3.
311 1110 455 1142 libellum
471 1112 605 1151 sustine,
623 1111 658 1142 h.
676 1120 705 1141 e.
725 1110 791 1141 noli
809 1121 884 1141 eum
902 1110 1045 1140 abicere.
1094 1111 1154 1140 sed
1173 1111 1287 1141 nescio
1305 1122 1347 1142 an
1372 1113 1495 1143 rectius

170 1153 321 1192 libellam,
340 1160 374 1185 ut
389 1155 433 1185 sit
452 1155 539 1186 ‘noli
557 1164 787 1196 praepropere
804 1155 846 1185 ad
864 1154 1012 1193 regulam
1030 1158 1063 1184 et
1080 1153 1229 1185 libellam
1246 1155 1403 1195 exigere'
1419 1166 1427 1194 ;
1452 1157 1490 1187 cf.

171 1197 256 1230 Plin.
275 1198 319 1230 N.
338 1198 385 1230 H.
403 1199 517 1230 xxxvi.
541 1200 612 1232 188.

255 1252 287 1282 9.
312 1242 362 1273 Cl.
382 1242 423 1273 R.
445 1252 491 1282 ¹9·

260 1295 308 1324 14.
336 1286 520 1325 inuoluens,
534 1286 585 1318 Cl.
606 1287 646 1319 R.
665 1297 718 1320 20.

256 1339 309 1360 20.
335 1330 378 1360 de
395 1330 459 1361 hoe
476 1330 547 1361 loco
565 1331 742 1371 disputaui‚
763 1331 812 1363 Cl.
832 1329 873 1360 R.
892 1339 946 1360 xv.
965 1331 1040 1368 362.

211 1372 257 1404 ix.
280 1383 308 1404 1.
335 1384 502 1415 magnum
514 1374 673 1414 periclum
691 1385 811 1406 sanum
823 1383 898 1404 esse
910 1378 943 1403 et
955 1383 1011 1403 res
1021 1377 1055 1404 et
1072 1372 1145 1412 ipse
1161 1372 1336 1403 Phaedrus
1351 1373 1409 1408 (11.
1426 1374 1493 1406 viii.

174 1417 228 1456 19)
253 1421 408 1448 testatur.
455 1421 493 1448 ut
513 1418 601 1449 idem
622 1418 712 1450 ualet
734 1418 820 1458 quod
841 1416 947 1448 simul
967 1427 1005 1448 ac
1025 1417 1112 1456 quod
1137 1416 1323 1447 intulerunt
1347 1417 1469 1448 librarii
1488 1429 1494 1455 ;

174 1459 218 1492 cs.
240 1459 282 1492 11.
301 1461 333 1493 ii.
350 1472 382 1501 9,
399 1461 468 1492 xiii.
490 1472 529 1500 27
546 1462 586 1494 al.

256 1505 289 1537 6.
311 1504 431 1542 simus,
445 1506 534 1545 quod
545 1506 690 1537 coniecit
705 1506 892 1544 Housman,
909 1503 1021 1534 Havet
1036 1503 1172 1543 recepit,
1187 1503 1284 1534 nobis
1295 1515 1427 1544 quoque
1439 1505 1494 1535 ad-

171 1548 298 1579 rideret
314 1549 343 1579 si
362 1548 403 1579 de
420 1549 525 1589 hirco,
546 1550 632 1580 sicut
649 1550 691 1580 de
709 1549 857 1590 capellis,
878 1547 1013 1588 proprie
1031 1548 1094 1578 dici
1112 1552 1289 1579 constaret.

214 1591 284 1623 xiii.
303 1602 333 1632 7.
360 1593 458 1630 tenui,
476 1591 517 1625 Α.
535 1592 568 1631 J.
591 1592 652 1624 Ph.
669 1595 740 1633 387.

213 1646 267 1667 xv.
288 1645 336 1675 13.
361 1635 525 1677 adposuit.
574 1638 684 1676 possis
707 1637 807 1668 etiam
831 1635 895 1667 alia
919 1634 1010 1666 uelut
1034 1634 1186 1674 adfinxit,
1205 1635 1271 1666 Cic.
1291 1635 1332 1666 N.
1352 1634 1396 1666 D.
1415 1635 1432 1666 i.
1453 1646 1494 1675 92

173 1686 180 1697 ⁸
194 1689 346 1719 quaeque
360 1681 609 1719 procreationis
622 1691 724 1711 causa
743 1681 872 1711 Natura
884 1679 1017 1719 corpori
1030 1678 1173 1709 adfinxit
1188 1679 1206 1709 ⁵.
1245 1678 1391 1719 inplicuit
1407 1679 1494 1718 quod

169 1722 315 1754 coniecit
332 1722 445 1755 Havet
463 1724 589 1755 refellit
606 1725 758 1756 Senecae
775 1724 869 1755 locus
884 1722 945 1763 Ep.
968 1731 1041 1761 105.
1058 1732 1087 1761 5.

213 1767 292 1799 xvii.
308 1767 340 1799 8.
365 1767 415 1798 Cl.
435 1767 476 1807 Q.
494 1770 526 1799 6.

213 1810 304 1842 xviii.
328 1821 376 1851 12,
400 1821 448 1851 13.
475 1811 565 1843 inter
580 1822 618 1843 se
635 1812 831 1851 transpositi
850 1810 930 1841 nihil
948 1809 1072 1840 habent
1089 1809 1122 1840 in
1141 1820 1207 1849 quo
1225 1810 1387 1841 offendas.
1430 1820 1493 1840 non

171 1853 390 1886 dimittuntur
403 1865 506 1886 canes
523 1856 582 1887 sed
600 1867 617 1886 e
635 1856 747 1887 medio
764 1855 940 1887 eiciuntur.

260 1908 309 1938 17.
335 1902 471 1939 cacatus,
494 1898 543 1930 Cl.
564 1900 623 1932 Ph.
642 1901 716 1932 268.

257 1952 309 1982 25.
335 1942 438 1983 odore,
459 1942 508 1974 Cl.
528 1943 589 1975 Ph.
610 1945 683 1983 267.

258 1996 310 2025 30.
330 1987 553 2027 parsortasse
565 1987 757 2026 Phaedrus;
776 1987 816 2018 cs.
830 1986 921 2026 App.
936 1984 981 2015 iii.
998 1992 1017 2022 5
1035 1984 1088 2014 ubi
1102 1985 1215 2025 gratia
1233 1984 1365 2023 legitur,
1386 1994 1493 2024 poena

170 2029 390 2069 intellegitur.
438 2041 462 2070 p
480 2036 514 2061 et
529 2041 553 2071 p
570 2031 770 2071 compendia
785 2030 922 2069 saepius
939 2028 1188 2059 confunduntur
1203 2039 1222 2058 a
1239 2027 1390 2058 librariis.

257 2083 310 2113 31.
335 2074 473 2105 cruciari
492 2075 576 2105 dixit
601 2074 793 2112 Phaedrus;
820 2074 852 2103 in
878 2075 1051 2111 zeugmate
1075 2071 1162 2101 haud
1186 2072 1230 2102 ita
1249 2082 1323 2102 raro
1342 2070 1397 2109 (cf.
1417 2070 1491 2101 Ter.

170 2117 281 2149 Andr.
297 2119 361 2156 624
381 2118 462 2149 ‘hoc
476 2123 608 2158 tempus
622 2123 814 2158 praecauere
827 2116 908 2146 mihi
925 2126 990 2155 me,
1004 2114 1093 2145 haud
1107 2119 1139 2145 te
1152 2114 1373 2154 ulciscisinit'j
1389 2114 1495 2144 offen-

172 2161 295 2192 derunt
313 2162 461 2193 editores
478 2173 486 2201 3
511 2162 551 2194 cf.
571 2162 597 2194 1.
615 2162 661 2194 iii.
679 2172 710 2194 2.

214 2205 282 2236 xix.
300 2206 331 2236 6.
357 2204 398 2237 A.
415 2206 447 2244 J.
469 2205 528 2237 Ph.
548 2206 621 2246 389.

215 2249 308 2281 xxiv.
327 2259 358 2289 9.
387 2249 450 2291 nil]
469 2250 626 2281 conseras
643 2259 729 2289 quae
747 2249 780 2278 in
801 2247 1032 2278 Hermathena
1049 2245 1110 2277 loc.
1131 2246 1184 2276 cit.
1205 2243 1455 2284 disputauimus.
1473 2286 1478 2292 ¹

260 2302 308 2332 14.
329 2302 452 2334 grana,
469 2294 558 2332 quod
574 2293 702 2332 recepit
715 2292 748 2322 in
763 2296 957 2322 contextum
976 2290 1074 2329 Gow,
1092 2289 1242 2319 Auianus
1259 2298 1391 2328 quoque
1404 2287 1496 2317 dedit

172 2335 206 2365 in
223 2335 340 2367 similis
356 2337 546 2375 argumenti
563 2337 675 2367 sabula
690 2335 805 2367 xxxiv.
826 2344 865 2365 xo
883 2335 936 2365 ‘in
952 2334 1079 2364 laribus
1094 2332 1239 2372 propriis
1262 2331 1374 2362 umida
1394 2339 1495 2369 grana

171 2378 254 2418 legit
265 2379 284 2411 ’.
334 2379 435 2411 nimis
459 2380 581 2411 festiue
608 2380 758 2411 editores
791 2380 799 2396 ‘
811 2378 920 2418 magni
955 2377 1125 2408 formicam
1160 2374 1303 2406 laboris'
1335 2375 1495 2405 inducunt

171 2421 347 2453 iactantem
372 2433 473 2454 unum
494 2433 531 2454 se
551 2423 585 2454 in
607 2423 751 2454 hiemem
774 2431 913 2461 granum
940 2421 1030 2461 (nam
1053 2420 1094 2450 dc
1111 2419 1206 2458 eopia
1223 2427 1399 2457 granorum
1419 2426 1493 2447 nus-

171 2475 269 2505 quam
287 2466 424 2508 legitur)
442 2467 593 2499 studiose
609 2476 802 2506 congerere.

805 2510 862 2548 xxi
