1747 2745
240 179 657 219 PHAEDRIANAE

238 303 310 329 nec
340 304 449 340 spem
480 290 633 330 uideret
663 304 749 330 esse
778 291 855 331 iam
885 294 1001 341 uitae,
1031 301 1142 345 rogat

236 369 326 394 cum
359 356 528 395 lacrimis
558 364 723 396 matrem
755 366 797 396 ut
827 367 963 397 sancta
993 358 1140 398 circum
1170 360 1241 399 iret
1269 361 1358 399 loca

235 427 272 459 et
303 434 373 471 pro
403 422 528 461 salute
556 434 699 472 magna
727 420 826 474 (dis)
851 424 1104 472 promitteret.

233 489 241 504 ‘
264 487 447 533 Faciam‚’
478 486 606 537 inquit
640 486 728 534 ιᾖΙὶ,
761 488 870 537 quod
901 487 985 527 uis:
1026 497 1066 527 ut
1097 503 1190 528 uero
1219 489 1426 540 impetrem
1552 505 1569 537 5

234 552 490 590 uehementer
519 551 652 599 timeo,
684 553 847 602 quando
876 553 1042 593 delubra
1070 555 1205 593 onmia

236 616 394 654 uastasti
427 625 463 655 et
495 625 638 655 cuncta
668 616 842 667 polluisti
871 616 1009 656 altaria

237 682 455 720 necsacris
486 681 735 732 temperasti:
772 695 878 721 nunc
907 682 1005 733 quid
1034 681 1094 722 uis
1123 685 1310 734 precer?’

745 832 803 869 VI

525 925 731 957 GLADlVS
758 924 816 956 ET
838 925 1021 956 VIATOR

287 1015 488 1054 GLAmvn
520 1014 647 1052 uiator
675 1012 809 1065 (forte)
839 1013 880 1052 in
909 1014 1026 1054 triuio
1056 1016 1289 1065 inuenerat,-

233 1082 425 1119 iacentem
457 1079 709 1130 interrogauit
742 1079 868 1128 ‘Quis
898 1087 937 1119 te
966 1080 1191 1130 perdidit?'

233 1150 294 1187 cui
326 1149 447 1187 telum
481 1150 576 1186 ‘Me
606 1148 768 1197 quidem
799 1161 902 1185 unus
932 1149 1002 1186 sed
1033 1149 1178 1186 multos
1208 1161 1281 1199 ego
1297 1149 1316 1187 ³.

722 1290 805 1326 VII

464 1384 643 1416 VVLPES
670 1384 728 1415 ET
754 1383 1064 1416 SCARABAEVS

287 1475 502 1512 NATVRAM
533 1479 688 1522 turpem
720 1472 828 1508 nulla
858 1471 1015 1509 fortuna
1043 1469 1204 1521 obtegit.

235 1541 466 1577 Humanam
496 1537 536 1576 in
567 1537 741 1587 speciem
773 1549 864 1574 cum
899 1535 1078 1575 uertisset
1110 1536 1287 1587 Iuppiter

275 1654 293 1674 2
319 1643 516 1674 nec—uitae
544 1642 679 1681 scripsi:
705 1651 770 1671 nec
798 1649 894 1679 spem
921 1640 1011 1671 uitae
1035 1650 1117 1671 suae
1143 1642 1276 1673 uideret
1297 1642 1359 1672 iam
1383 1652 1460 1673 esse
1486 1642 1569 1682 (iam

232 1688 385 1728 haberet)
401 1687 465 1718 Ro.
550 1690 644 1724 rogat
661 1684 710 1724 (3)
726 1695 801 1715 cum
817 1684 964 1714 lacrimis
978 1689 1118 1715 matrem
1131 1685 1264 1726 scrt'p3i:
1286 1690 1427 1717 matrem
1442 1688 1550 1725 (suam
1560 1706 1567 1724 ς

232 1732 369 1771 rogabat
387 1741 460 1761 cum
477 1729 624 1760 lacrimis
642 1728 885 1767 (lacrimandol
904 1727 969 1759 Ro.
1025 1753 1030 1757 .
1051 1738 1071 1767 3
1095 1738 1189 1760 sacra
1202 1729 1362 1760 Burman
1442 1730 1567 1760 circum

232 1777 294 1806 iret
310 1775 383 1806 loca
403 1773 517 1805 Gude:
541 1772 614 1803 loca
633 1772 793 1803 circuiret
808 1771 996 1809 (uisitaret)
1011 1770 1074 1804 Ro.
1167 1784 1186 1811 4
1211 1777 1244 1803 et
1261 1783 1323 1812 pro
1337 1784 1364 1804 s.
1380 1783 1500 1812 magna
1516 1773 1569 1812 glis

232 1819 442 1855 promitteret
458 1816 592 1857 scm'psi:
618 1821 651 1847 et
666 1826 726 1855 pro
741 1825 766 1846 s.
784 1815 872 1845 illius
887 1816 977 1853 (sua)
993 1825 1114 1853 magna
1127 1821 1205 1846 uota
1220 1817 1266 1854 (u.
1283 1817 1342 1854 m.)
1356 1817 1569 1856 promitteret

232 1862 293 1893 Ro.
422 1872 440 1900 5
467 1868 502 1892 ut
521 1870 602 1891 uero
619 1861 799 1899 impetrem
820 1858 954 1899 scripsi:
977 1869 1093 1889 uerum
1111 1860 1213 1890 timeo
1230 1870 1272 1890 ne
1289 1871 1357 1891 non
1376 1861 1565 1900 impetrem,

232 1906 310 1936 illud
328 1906 415 1936 enim
430 1915 562 1942 uereor,
578 1910 667 1942 nate,
685 1908 719 1934 et
734 1903 961 1934 uehementer
974 1903 1077 1933 timeo
1090 1903 1216 1933 similia
1229 1903 1292 1935 Ro.
1385 1906 1406 1934 6
1429 1904 1568 1935 delubra

232 1949 342 1980 omnia
362 1949 473 1980 Gude:
495 1948 609 1979 omnia
628 1947 693 1979 del.
715 1947 777 1979 Ro.
877 1957 894 1985 7
919 1946 1068 1986 polluisti
1085 1947 1203 1977 altaria
1219 1946 1328 1977 Gude:
1349 1947 1403 1978 alt.
1419 1949 1565 1987 polluisti

231 1993 295 2024 Ro.
374 1994 394 2022 8
418 1992 522 2023 sacris
539 1991 737 2031 temperasti
758 1991 894 2031 scripsi:
919 1991 1092 2022 sacrificiis
1110 1991 1293 2031 pepercisti
1310 1990 1373 2023 Ro.
1447 2002 1568 2031 precer

231 2037 361 2076 scripsi:
386 2042 420 2067 ut
438 2046 530 2066 orem
551 2035 609 2066 Ro.
628 2048 634 2066 :
658 2045 773 2075 rogem
797 2034 890 2065 Gude

273 2080 331 2110 VI.
357 2076 419 2110 Th
430 2091 482 2119 94,
497 2078 542 2110 Cl.
559 2078 598 2118 Q.
614 2079 682 2110 xiii.
700 2082 754 2111 82.
798 2078 917 2110 Exstat
928 2079 1092 2120 apudRo.
1158 2089 1185 2119 1,
1200 2079 1238 2110 2*
1263 2079 1348 2109 sorte
1360 2078 1391 2110 in
1405 2079 1506 2110 triuio
1520 2079 1567 2108 in-

231 2129 368 2153 uenerat
383 2135 390 2161 3
409 2124 574 2153 iacentem
588 2124 727 2163 scripsi:
754 2124 831 2154 dum
847 2123 1037 2154 ambulabat
1054 2127 1167 2161 flaret,
1181 2126 1242 2154 —at‘x
1258 2123 1422 2154 iacentem
1435 2122 1567 2153 inuenit

231 2168 263 2196 in
282 2167 333 2197 uia
348 2167 409 2197 Ro.
425 2177 432 2196 ε
459 2167 570 2197 media
586 2167 772 2206 proiectum
791 2168 844 2198 uia
862 2165 865 2208 Ι
883 2168 1013 2198 inuenit
1028 2167 1168 2198 Mueller
1230 2178 1329 2207 quem
1344 2166 1567 2206 interrogauit

230 2209 291 2240 Ro.
311 2221 317 2240 :
342 2216 374 2240 et
390 2210 523 2249 rogauit
542 2210 682 2241 Mueller
783 2222 802 2250 3
828 2212 879 2242 cui
898 2217 1015 2248 contra
1033 2212 1133 2242 telum
1153 2211 1319 2249 (gladius)
1337 2210 1401 2242 Ro.
1505 2211 1565 2241 Sed

230 2263 272 2284 m.
285 2264 347 2292 ego
360 2254 490 2294 scripsi:
512 2264 576 2288 ego
592 2265 675 2285 uero
690 2265 731 2286 m.
746 2255 809 2287 Ro.
828 2267 835 2286 :
855 2260 888 2285 at
903 2255 1017 2294 plures
1030 2265 1094 2293 ego
1106 2254 1244 2284 Mueller
1311 2254 1379 2285 Pro
1394 2254 1567 2295 epimytlzio

229 2296 304 2327 add.
315 2297 376 2328 Ro.
394 2297 491 2328 Haec
508 2297 617 2328 sabula
633 2303 746 2328 narrat
759 2299 880 2328 malum
894 2308 1000 2337 posse
1011 2299 1122 2337 perire
1136 2299 1194 2328 sed
1209 2302 1288 2328 ante
1301 2298 1426 2328 multos
1440 2308 1565 2328 nocere

231 2342 363 2381 (possel
382 2340 468 2371 unde
485 2340 623 2371 Mueller
637 2346 754 2380 pereat
773 2342 966 2381 priusquam
984 2341 1094 2371 multis
1112 2342 1248 2372 exitiost
1267 2351 1407 2372 nocens.

271 2384 348 2415 VII.
374 2381 440 2414 Th
456 2395 508 2423 97,
527 2384 564 2423 cf
582 2385 684 2424 praef
702 2395 799 2418 ccxx.
824 2386 868 2416 cl.
888 2385 927 2424 Q.
944 2385 1002 2415 xii.
1019 2386 1075 2415 161
1089 2395 1134 2424 sq.
1180 2385 1305 2415 Exstat
1317 2385 1412 2425 apud
1427 2383 1523 2415 W'ss.
1539 2388 1568 2415 et

233 2426 264 2455 V
394 2438 412 2457 2
438 2428 617 2457 humanam
644 2429 675 2458 in
701 2438 751 2467 sp.
783 2428 896 2458 Gmles
930 2429 966 2459 in
989 2428 1079 2461 hum.
1107 2438 1155 2468 Sp.
1188 2428 1236 2458 V:
1270 2429 1360 2459 hum.
1385 2438 1436 2468 sp.
1466 2427 1561 2459 Wiss.

228 2470 386 2501 uertisset
407 2471 519 2501 Gude:
545 2481 582 2501 se
600 2472 760 2502 uertisset
781 2471 813 2501 V
828 2472 924 2504 Wiss„
1258 2471 1262 2475 ”
