1747 2745
430 171 908 209 ADDITAMENTVM
950 171 1236 210 CRITICVM

206 280 274 311 xiv.
294 280 323 311 8.
351 280 399 310 sic
412 278 586 310 collocatis
597 279 711 310 uerbis
724 278 878 318 argutius
891 278 1031 310 effertur
1045 280 1213 310 sententia
1225 290 1300 311 curn
1313 281 1390 312 bina
1404 282 1497 321 paria

161 323 251 355 illius
262 334 296 353 se
307 328 340 354 et
354 323 501 354 atztt'doto
516 324 660 354 toxicum
670 328 750 362 apte
762 323 852 353 inter
863 333 900 353 se
914 324 1145 363 respondeant
1157 335 1164 363 ;
1186 325 1272 362 quod
1285 325 1326 356 ad
1339 335 1498 356 numeros

160 367 291 407 attinet,
314 367 376 399 III.
397 378 452 397 xv.
473 368 494 396 6
512 367 678 398 conseras.

247 421 278 450 9.
305 415 383 450 post
408 410 594 442 ‘toxicum'
622 410 734 441 amisit
755 415 853 460 caput
878 410 1104 441 ‘combibere’
1132 411 1378 450 (‘combiberet
1395 422 1497 443 uene-

161 455 262 492 num,⁷
283 453 365 485 Hor.
387 454 424 485 C.
442 454 462 486 i.
482 464 535 494 37.
557 455 637 496 28);
664 454 705 485 cf.
723 453 763 484 V.
782 454 837 484 vii.
860 455 907 493 16,
931 464 979 493 17

250 508 298 529 11.
325 499 407 528 aitis
424 498 472 528 sic
490 499 581 528 nude
602 498 735 548 positae
753 497 910 537 exempla
928 498 985 528 tibi
1004 498 1072 529 sint
1088 499 1130 529 de
1149 499 1317 530 medicina
1336 498 1400 531 Ou.
1414 498 1495 532 Her.

160 550 275 590 v.15f›
292 546 325 572 et
343 543 384 573 de
402 542 530 572 musica
549 541 641 582 App.
661 542 716 571 xii
735 551 767 579 4.

202 585 270 616 xvi.
290 596 318 616 2.
348 586 388 617 cf.
406 585 478 616 Val.
498 585 546 619 Fl
566 586 600 617 ii.
622 596 687 625 209
707 586 806 615 ‘orsa
823 585 949 617 nesas'.

181 631 184 634 ’
203 638 261 660 xx.
280 639 310 667 4.
337 629 388 661 Cl.
411 629 451 668 Q.
471 639 536 669 93·
529 654 536 668 ,
565 629 605 660 cs.
630 629 654 661 1.
675 629 732 659 xii.
751 638 781 667 5.

202 672 272 703 xxi.
291 682 321 712 5.
347 673 398 705 Cl.
418 673 479 704 Ph.
499 674 564 712 263
582 683 632 713 sq.

251 726 300 747 12.
325 720 409 756 recte,
431 716 550 756 ὀρθῶς;
577 717 618 749 cf.
642 716 728 748 Hor.
750 716 785 747 C.
805 716 846 747 ἰν.
867 726 896 755 9.
917 716 969 755 46.

204 769 282 792 xxv.
302 770 331 798 3,
358 760 393 790 z'n
411 759 510 791 Nilo:
537 760 576 791 cf.
600 770 688 800 quae
707 760 866 790 adnotaui
885 760 926 790 ad
945 760 1069 791 Lucan.
1089 760 1158 791 viii.
1178 761 1251 791 862.

246 805 277 835 6.
305 803 431 843 duplex
447 808 538 834 certe
558 804 612 835 hie
631 804 733 835 lectio
754 804 898 834 traditur
918 804 978 833 sed
998 814 1016 833 a
1042 803 1186 834 librariis
1212 803 1268 844 (cf.
1297 803 1372 835 Nou
1412 804 1492 837 Fab.

161 857 191 877 v.
215 856 233 886 5
247 847 309 887 n.),
325 847 353 878 si
372 847 449 886 quid
467 847 580 885 uideo,
602 858 671 878 non
689 858 708 879 a
729 847 888 878 Phaedro
906 846 1069 886 profecta.

202 890 294 922 xxvi.
313 901 342 929 4.
368 891 418 922 Cl.
440 891 499 922 Ph.
519 893 592 929 264.

203 934 307 966 xxvii.
332 944 362 974 9.
389 935 453 965 Im's
470 935 558 974 quod
577 933 773 965 Ademarus
792 933 930 964 exhibet
949 933 1049 964 medii
1068 934 1141 964 aeui
1159 944 1221 964 nec
1239 934 1413 965 inuentum
1432 945 1495 967 nec

160 983 336 1017 peccatum
354 978 421 1008 ullo
439 979 539 1020 modo
557 978 708 1010 uidetur.
752 976 951 1017 exquisitius
963 982 1054 1008 certe
1066 987 1162 1017 quam
1178 983 1292 1008 merzto
1304 978 1395 1017 iaces,
1408 979 1495 1018 quod

160 1021 336 1052 ferendum
353 1026 462 1053 tamen
480 1022 592 1061 potius
619 1032 716 1062 quam
746 1021 964 1052 auferendum
989 1031 1066 1052 esse
1083 1021 1174 1059 duxi,
1194 1021 1349 1052 meritum
1367 1022 1430 1052 luis
1446 1023 1496 1053 di-

160 1071 292 1096 ceretur
308 1076 382 1096 cum
404 1066 581 1096 ‘meritum
594 1064 601 1077 ⁹
620 1070 654 1096 et
672 1066 715 1096 de
736 1065 887 1096 facinore
907 1070 941 1095 et
958 1065 999 1095 de
1017 1075 1127 1105 poena
1139 1070 1336 1105 usurpatum
1354 1071 1444 1097 esset
1461 1071 1495 1097 et

162 1108 335 1140 Phaedrus
353 1110 425 1149 ipse
445 1109 534 1141 ‘luat
552 1119 683 1149 poenas
699 1110 706 1126 ⁷
731 1109 873 1140 dixisset
894 1109 955 1140 111.
974 1119 1007 1140 x.
1026 1119 1078 1148 44.
1100 1141 1104 1146 ,

203 1153 321 1184 xxviii.
334 1154 363 1184 8.
388 1153 422 1183 in
435 1153 617 1192 exemplari
632 1153 810 1184 exstitisse
825 1152 951 1193 aliquid
967 1152 1055 1192 quod
1066 1153 1366 1192 interpretamento
1379 1157 1496 1192 egeret

159 1196 242 1227 satis
266 1196 412 1228 dilucide
429 1197 580 1227 indicant
599 1196 862 1237 paraphrastae,
885 1196 942 1236 qui
960 1196 1121 1226 exhibent
1138 1200 1147 1215 ‘
1162 1197 1274 1236 ignem
1292 1197 1402 1236 rapuit
1419 1207 1494 1228 cum

160 1240 286 1271 sacula'
306 1241 384 1279 Ad..
412 1241 489 1281 ‘(ab
515 1240 588 1281 ara)
612 1240 727 1279 ignem
759 1240 870 1281 rapuit
897 1241 931 1270 id
953 1245 1004 1270 est
1028 1240 1168 1271 faculam
1191 1240 1386 1271 ardentem’
1415 1241 1492 1280 Ro..

163 1289 170 1301 ⁸
181 1284 319 1314 deorum
335 1283 488 1326 igne(m)
501 1284 588 1314 idem
603 1284 637 1325 (l.
654 1285 686 1315 id
698 1285 768 1325 est)
784 1285 942 1316 baculum
956 1284 988 1323 (l.
1003 1284 1157 1324 faculam)
1171 1283 1309 1323 'Wiss.‚
1324 1285 1436 1314 omnia
1453 1286 1495 1315 ad

160 1327 308 1358 ardorem
322 1328 411 1366 sacis
433 1327 620 1367 spectantia
644 1333 745 1368 atque
773 1329 873 1360 etiam
899 1328 1049 1360 ardorem
1078 1328 1186 1367 ipsum
1211 1327 1245 1358 in
1269 1327 1496 1359 Wissembur-

160 1372 257 1410 gensi
282 1372 344 1403 sub
366 1371 421 1402 illo
442 1371 577 1402 deorum
597 1372 738 1403 totidem
756 1372 876 1403 litteris
896 1376 1080 1403 seruatum.
1120 1372 1275 1402 nimirum
1292 1371 1324 1401 in
1343 1371 1495 1411 Corpore

162 1415 356 1446 Glossarum
365 1415 482 1455 facula
499 1415 611 1446 multis
629 1415 809 1455 locisfacis
825 1416 1166 1456 interpretamentum
1180 1420 1240 1454 est,
1257 1419 1289 1445 et
1306 1415 1497 1455 ardorfacis

161 1469 223 1498 pro
246 1460 388 1490 ardente
411 1459 484 1490 sace
504 1459 606 1499 plane
633 1459 889 1490 Phaedrianum
917 1464 987 1490 est:
1012 1469 1122 1498 neque
1146 1459 1285 1489 multum
1310 1458 1496 1490 abhorrent

160 1502 387 1542 Vergilianum
409 1503 550 1542 ‘pineus
567 1504 693 1542 ardor,’
712 1503 799 1535 Aen.
820 1504 864 1534 xi.
888 1505 961 1543 786,
988 1508 1022 1533 et
1044 1502 1256 1533 Gannianum
1277 1512 1330 1542 ap.
1350 1502 1454 1534 Prisc.
1473 1503 1492 1534 i.

161 1555 222 1586 237
242 1546 321 1587 (H.)
343 1547 483 1577 ‘emicat
500 1547 533 1577 in
551 1546 659 1577 nubes
680 1547 856 1578 nidoribus
877 1547 981 1577 ardor
995 1546 1105 1578 adoris
1118 1546 1137 1578 ⁹.

250 1601 299 1622 10.
327 1590 470 1622 miscens.
511 1590 721 1629 graecissare
748 1591 884 1621 uidetur
914 1590 1106 1627 Phaedrus3
1148 1589 1188 1621 cs.
1217 1589 1351 1620 Pindari
1374 1589 1493 1622 Isthm.

160 1634 203 1664 vi.
222 1644 262 1673 25
279 1634 457 1674 χάλκασπις
473 1632 497 1674 ᾧ
514 1633 636 1673 πότμον
650 1633 749 1675 Ἀρης
768 1634 881 1674 ἔμειξε,
905 1634 950 1666 id.
970 1634 1067 1674 Pytlz.
1085 1644 1114 1664 v.
1132 1643 1170 1673 19
1181 1632 1240 1674 τεᾷ
1253 1633 1351 1664 τοῦτο
1365 1633 1495 1674 μειγνύ-

161 1689 257 1715 μενον
271 1684 294 1718 φ
316 1677 369 1709 ενί.

203 1690 344 1761 ΧΧίΧ.ρ3.
365 1722 520 1752 nociuum
539 1721 620 1752 satis
640 1721 795 1753 defendit
813 1721 943 1752 Plinius
957 1721 1001 1754 N.
1016 1721 1061 1753 H.
1074 1731 1130 1752 xx.
1147 1731 1195 1760 12,
1212 1721 1371 1753 concitant
1380 1721 1494 1753 Firmi-

160 1775 220 1795 cus
237 1765 344 1797 Matlz.
362 1766 403 1796 iv.
423 1776 477 1796 20.
495 1766 524 1797 8.

203 1819 282 1840 xxx.
303 1819 330 1848 7.
357 1809 456 1839 simili
474 1810 645 1841 sententia
668 1809 824 1840 Hauetus
843 1809 942 1840 statio
958 1812 1022 1840 esto
1038 1819 1046 1847 ;
1071 1809 1131 1839 sed
1149 1812 1298 1841 nostrum
1318 1808 1463 1840 facilius.

203 1853 295 1884 xxxi.
319 1863 366 1892 13.
394 1852 442 1883 Cl.
463 1853 523 1883 Ph.
543 1855 607 1884 266
623 1863 672 1893 sq.
704 1863 792 1883 nunc
816 1853 989 1884 Hauctum
1007 1862 1142 1892 sequor.

727 1961 867 1992 LIBER
895 1961 926 1993 11

248 2030 336 2062 Prol.
366 2040 413 2061 12.
443 2030 510 2062 illi:
543 2029 674 2062 scilicet
707 2031 904 2062 ‘uarietati⁷
941 2041 980 2061 10
1011 2030 1097 2061 sicut
1128 2036 1248 2062 censet
1288 2030 1422 2071 Speyer
1454 2030 1496 2061 ad

159 2074 282 2106 Tackei
301 2074 512 2105 Phaedriana
531 2085 562 2114 p.
583 2085 625 2114 34
645 2084 848 2114 prouocanS.

202 2119 222 2150 i.
241 2127 271 2157 5.
295 2117 460 2158 deductus,
481 2128 601 2149 errore
620 2119 775 2156 scilicct3
801 2118 842 2150 cf.
865 2118 958 2150 Pers.
978 2129 1008 2150 v.
1027 2128 1080 2157 35.

245 2164 275 2194 8.
301 2166 329 2193 et
351 2161 429 2193 ferri
456 2167 568 2202 potest
593 2163 621 2193 si
648 2162 826 2202 acceperis
855 2164 942 2193 ‘non
970 2167 1020 2194 est
1046 2163 1134 2202 quod
1160 2162 1297 2193 timeas‘
1323 2171 1383 2201 pro
1411 2160 1499 2192 ‘noli

159 2205 310 2238 timere’.

244 2261 276 2289 9.
302 2253 434 2289 teagore,
458 2250 558 2281 immo
580 2250 695 2280 miscere
712 2249 761 2281 Cl.
783 2249 825 2289 Q.
845 2259 898 2290 93.

201 2293 242 2325 iv.
266 2303 315 2332 19.
342 2293 380 2324 C.
403 2293 463 2325 Ph.
486 2294 524 2324 P.
540 2304 576 2333 9.
602 2293 876 2334 expleuitdictum
892 2297 926 2323 ut
937 2293 1096 2334 explerent
1112 2293 1168 2325 IV.
1189 2294 1236 2324 18.
1259 2303 1277 2332 5
1314 2293 1356 2322 de
1369 2291 1502 2332 repleuit

159 2342 250 2368 recte
270 2337 383 2378 Havet
405 2339 412 2356 ‘
428 2338 569 2378 repletis
587 2338 667 2377 quid
685 2347 771 2376 opus
787 2336 880 2377 larga
898 2337 1000 2378 dape?
1026 2337 1097 2378 (24]
1110 2337 1129 2369 ’.

200 2392 231 2412 ν.
253 2391 302 2412 11.
329 2381 392 2411 alte
410 2381 531 2420 cinctis,
555 2381 606 2413 Cl.
627 2381 670 2412 R.
691 2390 745 2420 20,
763 2391 815 2411 21.

205 2426 254 2455 16.
281 2426 408 2456 iactans
430 2425 571 2463 officium
594 2434 714 2456 comae.
756 2424 790 2454 in
823 2434 858 2454 re
883 2423 984 2454 dubia
1008 2434 1027 2454 a
1053 2424 1223 2455 codicibus
1258 2434 1325 2455 non
1360 2422 1497 2461 recessi,

159 2468 310 2511 quamuis
329 2468 467 2499 duriora
483 2479 564 2499 sane
582 2468 671 2498 dictu
691 2467 940 2499 exhibentibus,
991 2467 1131 2498 sortasse
1150 2468 1202 2498 his
1228 2467 1417 2506 Phaedrus,
1435 2476 1500 2506 qua

784 2511 872 2550 xviii
