1747 2745
1038 170 1200 206 lilim<
1234 170 1474 207 ἸῈΚΤΙΧᾌ1

146 278 346 317 fastidiose
374 285 507 316 tamen
538 277 577 315 in
606 284 764 315 coetum
795 277 971 327 recipior.

145 342 242 394 quid
271 342 399 381 credis
429 341 482 380 illi
511 342 689 380 accidere
719 341 786 391 qui
818 354 978 392 magnas
1009 356 1104 392 opes

145 419 374 458 exaggerare
403 408 554 457 quaerit
583 405 692 444 omni
722 406 865 456 uigilia,
1436 424 1476 456 25

145 473 266 511 docto
296 471 419 510 labori
450 472 566 510 dulce
596 484 842 521 praeponens
873 473 1055 510 lucrum?

145 538 216 576 sed
245 536 334 583 iam,
368 537 672 586 ‘quodcumque
703 536 837 574 suerit'
867 535 927 588 (ut
957 537 1052 575 dixit
1083 537 1218 583 Sinon,

145 603 196 641 ad
226 614 355 651 regem
386 614 477 639 cum
508 601 733 639 Dardaniae
764 603 976 651 perductus
1009 603 1123 653 foret)

146 666 288 706 librum
319 666 487 705 exarabo
517 665 673 704 tertium
705 666 853 716 Aesopi
886 667 984 711 stilo,

147 731 286 770 honori
317 739 354 770 et
385 730 532 770 meritis
561 730 751 770 dedicans
782 731 890 770 illum
924 732 1008 770 tuis.
1437 748 1478 778 30

147 809 266 847 quem
297 795 327 834 si
358 797 474 846 leges,
506 795 706 841 laetabor-3
746 796 804 834 sin
835 805 966 836 autem
999 798 1139 842 minus,

148 861 352 900 habebunt
381 868 485 899 certe
516 873 596 911 quo
626 874 667 899 se
699 861 901 900 oblectent
931 863 1086 912 posteri.

205 927 333 973 Nunc,
367 926 584 964 fabularum
617 939 685 964 cur
716 927 763 964 sit
795 927 1000 965 inuentum
1031 939 1163 975 genus,

151 991 259 1031 breui
289 991 456 1030 docebo.
515 990 682 1030 seruitus
713 992 895 1038 obnoxia,

150 1057 243 1109 quia
271 1069 373 1108 quae
402 1056 561 1096 uolebat
592 1069 672 1095 non
703 1057 874 1095 audebat
905 1057 1045 1103 diccrc,
1440 1071 1476 1100 35

150 1125 312 1163 affectus
343 1125 520 1174 proprios
551 1121 589 1160 in
621 1123 784 1162 fabellas
815 1124 1020 1163 transtulit.

151 1187 470 1238 calumniamque
502 1187 600 1226 fictis
631 1187 746 1226 elusit
777 1188 882 1226 iocis.

151 1267 226 1305 ego
256 1253 357 1292 illius
387 1266 457 1304 pro
487 1252 627 1291 semita
657 1254 730 1292 feci
762 1252 878 1300 uiam,

153 1328 191 1358 et
220 1319 390 1369 cogitaui
419 1319 529 1368 plura
559 1331 677 1369 quam
709 1318 926 1368 reliquerat,

155 1387 192 1424 in
223 1384 486 1424 calamitatem
517 1384 693 1434 deligens
724 1385 918 1434 quaedam
951 1396 1091 1422 meam.
1442 1396 1484 1425 40

154 1449 296 1502 quodsi
326 1457 531 1488 accusator
560 1451 658 1488 alius
689 1449 833 1488 Seiano
864 1450 971 1496 soret,

156 1516 186 1554 si
217 1515 325 1554 testis
354 1514 464 1563 alius,
498 1514 616 1554 iudex
645 1514 744 1553 alius
775 1514 958 1564 denique,

156 1581 320 1632 dignum
350 1581 489 1620 faterer
519 1593 605 1619 esse
635 1593 699 1619 me
730 1580 847 1618 tantis
879 1579 999 1626 malis,

157 1658 230 1684 nec
261 1645 320 1684 his
349 1646 528 1684 dolorem
562 1644 776 1684 delenirem
809 1645 1001 1683 remediis.

158 1709 383 1761 suspicione
412 1710 443 1749 si
474 1711 561 1761 quis
595 1709 737 1749 errabit
767 1723 846 1755 sua,
1356 1741 1360 1746 .
1445 1720 1485 1750 45

158 1783 208 1822 et,
240 1774 394 1826 rapiens
423 1777 474 1815 ad
505 1790 546 1815 se
578 1777 687 1827 quod
719 1774 789 1813 erit
819 1786 1031 1812 commune
1061 1770 1250 1815 omnium,

159 1843 277 1881 stulte
306 1842 473 1881 nudabit
501 1843 622 1882 animi
657 1839 952 1886 conscientiam,

160 1909 252 1947 huic
281 1916 509 1947 excusatum
542 1923 604 1951 me
636 1907 753 1946 uelim
788 1905 911 1944 nihilo
942 1903 1080 1941 minus.

206 2034 246 2064 27
272 2023 372 2054 suerit
396 2023 630 2063 quodcumque
659 2022 748 2061 Verg.
775 2020 821 2052 A.
850 2020 883 2050 ii.
908 2029 945 2058 77
1053 2026 1109 2045 un.
1137 2012 1245 2062 33-'63
1267 2010 1338 2058 librt¹
1360 2008 1491 2040 secundz

161 2067 282 2109 epilogo
302 2066 441 2098 adnectit
459 2066 578 2097 Havet.
629 2065 709 2096 Noti
722 2068 814 2096 erant
831 2060 1090 2104 paraplzrasium
1115 2054 1407 2103 comminatoribus,
1430 2049 1492 2082 Th

163 2121 195 2151 p.
209 2121 274 2151 304
360 2120 400 2150 37
426 2110 512 2142 fictis
529 2110 627 2140 elusit
647 2109 727 2140 iocis
744 2108 860 2148 (cocis)
872 2106 941 2137 NV
954 2105 1042 2136 Pith.
1062 2115 1068 2133 ε
1094 2102 1151 2132 fiet
1165 2099 1275 2130 scelus
1294 2103 1316 2128 lt
1334 2097 1415 2128 locis
1430 2095 1493 2126 PR

164 2155 249 2196 logis
273 2153 456 2185 Housman
535 2153 576 2193 38
600 2163 661 2193 pro
682 2152 836 2191 solmson
885 2159 986 2189 porro
1011 2147 1076 2178 PR
1104 2147 1163 2185 (ρὸ
1180 2142 1255 2183 12¹),
1279 2151 1344 2181 quo
1366 2143 1495 2189 seruato

164 2208 228 2238 ego
248 2208 348 2238 porro
370 2197 458 2228 illius
479 2197 631 2228 semitam
656 2195 806 2236 Sclzoppe,
827 2193 892 2224 alia
915 2192 995 2224 alii:
1019 2192 1057 2231 cf.
1077 2193 1084 2207 ‘
1100 2189 1275 2237 multarum
1288 2190 1493 2235 ‘Semltarum

164 2241 392 2282 amplissimas
409 2241 535 2272 faceret
548 2239 638 2271 uias'
657 2239 741 2270 Ra:
768 2241 775 2254 ‘
788 2237 966 2268 multorum
985 2236 1122 2267 semitas
1143 2232 1370 2272 amplissimas
1379 2228 1495 2284 'facere

166 2286 238 2316 uias
250 2285 258 2298 ‘
279 2283 389 2323 lViss.‚
405 2283 505 2315 Mart.
522 2284 576 2316 vii.
593 2285 645 2315 61.
661 2294 679 2321 4
701 2286 752 2313 ‘et
769 2282 868 2313 modo
885 2289 972 2320 quae
990 2280 1097 2309 suerat
1115 2278 1235 2308 semita
1254 2275 1339 2305 sacta
1357 2281 1408 2321 tna
1427 2275 1476 2318 est

166 2340 209 2369 39
226 2329 415 2368 excogitaui
425 2327 569 2368 Sclufflr
625 2337 667 2366 40
684 2323 949 2365 deligensPith.:
966 2323 1110 2361 diligens
1122 2320 1154 2351 P
1197 2330 1234 2358 41
1258 2318 1346 2358 quod
1359 2313 1467 2364 srPrtlt
1490 2325 1496 2344 z

166 2371 293 2412 q.sitP
334 2382 375 2411 44
395 2371 578 2402 delenirem
591 2370 762 2401 Burman:
780 2367 1000 2399 delin.Pitl1.:
1021 2365 1188 2396 dilinirem
1202 2363 1233 2393 P
1285 2362 1497 2410 46*·rap·1ens

167 2417 289 2456 scripsi.
303 2416 336 2446 in
353 2426 384 2446 u.
403 2425 442 2454 47
462 2414 714 2451 conscientiam,
735 2414 957 2452 inmpuncto:
983 2410 1089 2448 rapiet
1107 2408 1139 2438 P
1153 2407 1222 2438 cdd.
1242 2407 1495 2455 conscientiam.

167 2461 429 2500 interpungentes
489 2488 493 2492 .
517 2469 557 2498 47
584 2458 719 2489 nudabit
738 2456 845 2488 Pam:
872 2454 1006 2485 nudauit
1027 2452 1091 2484 PR
1181 2452 1222 2489 48
1249 2451 1316 2480 nilo
1334 2445 1464 2481 Mucllm
