1747 2745
155 175 411 212 PHAEDRI
444 175 791 212 FABVLARVM

152 291 189 322 et
220 290 444 334 opportuno
475 298 515 323 se
546 285 667 323 bouili
699 284 891 324 condidit.

151 348 215 387 hic
246 349 318 388 bos
348 350 483 388 latenti
519 350 745 399 ‘Quidnam
776 349 933 388 uoluisti
963 349 1045 398 tibi,
1467 364 1484 397 5

152 414 294 462 infelix,
326 417 428 454 ultro
457 417 523 466 qui
555 417 605 454 ad
637 429 774 454 necem
806 415 1029 463 cucurreris,

154 481 441 530 hominumque
472 488 577 519 tecto
607 481 785 530 spiritum
817 480 1090 519 commiseris?

153 553 191 583 at
222 544 284 583 ille
316 547 476 596 supplex
512 548 615 584 ‘Vos
647 547 789 584 modo’
821 545 947 595 inquit
980 545 1168 596 ‘parcitez

154 610 363 649 occasione
393 625 522 649 rursus
553 625 756 662 erumpam
787 612 879 650 data
892 612 911 649 '.

154 676 323 726 spatium
354 676 432 715 diei
463 676 589 715 noctis
619 676 818 726 excipiunt
848 677 978 723 uices3
1453 688 1490 710 10

156 744 334 782 frondem
367 742 563 782 bubulcus
593 743 728 790 adfert,
762 744 815 780 nil
845 743 946 780 adeo
969 742 1100 780 uidet:

156 815 249 848 eunt
280 808 449 847 subinde
480 816 518 847 et
548 809 715 847 redeunt
745 820 883 846 omnes
914 806 1056 854 rustici,

156 888 275 914 nemo
304 873 605 913 animaduertit:
645 873 782 912 transit
812 872 929 912 etiam
960 872 1109 919 uilicus,

157 954 230 979 nec
260 942 323 979 ille
353 940 564 990 quicquam
597 939 725 978 sentit.
784 946 867 977 tum
897 939 1074 988 gaudens
1104 938 1206 977 ferus

158 1006 286 1044 bubus
318 1005 458 1055 quietis
488 1018 601 1055 agere
631 1003 762 1054 coepit
790 1004 942 1053 gratias,
1455 1013 1492 1047 15

157 1070 372 1120 hospitium
402 1071 571 1108 aduerso
602 1071 710 1120 quod
740 1068 1002 1120 praestiterint
1032 1077 1219 1119 tempore.

158 1136 361 1186 respondit
391 1149 492 1173 unus
527 1136 710 1173 ‘Saluum
741 1141 779 1172 te
809 1133 990 1184 cupimus
1020 1132 1193 1183 quidem,

160 1203 239 1249 sed,
272 1201 335 1240 ille
365 1200 433 1251 qui
464 1202 599 1239 oculos
631 1206 788 1238 centum
822 1200 940 1238 habet
971 1198 1002 1237 si
1031 1198 1192 1246 uenerit,

160 1280 304 1317 magno
334 1267 373 1304 in
404 1265 550 1316 periclo
580 1265 661 1303 uita
690 1272 861 1303 uertetur
892 1265 990 1302 tua'.

160 1333 257 1370 haec
287 1331 386 1369 inter
415 1332 498 1381 ipse
528 1329 713 1369 dominus
744 1343 766 1368 a
795 1342 894 1368 cena
923 1328 1046 1376 redit,
1458 1342 1498 1364 20

161 1404 209 1445 et,
242 1396 334 1446 quia
365 1403 568 1446 corruptos
599 1394 752 1433 uiderat
782 1407 907 1444 nuper
936 1394 1071 1442 boues,

161 1461 313 1501 accedit
343 1462 394 1500 ad
425 1474 636 1511 praesepe:
680 1461 782 1499 ‘Cur
812 1458 961 1498 frondis
992 1471 1129 1509 parum
1160 1459 1248 1497 est?

162 1534 374 1567 stramenta
403 1527 558 1565 desunt.
618 1526 754 1563 tollere
784 1525 881 1563 haec
911 1538 1053 1563 aranea

163 1600 355 1643 quantum
386 1599 444 1630 est
474 1590 668 1630 laboris?'
709 1591 804 1628 dum
837 1597 1028 1628 scrutatur
1059 1588 1220 1640 singula,

163 1657 267 1697 cerui
298 1669 458 1708 quoque
487 1658 565 1694 alta
595 1655 846 1706 conspicatur
876 1668 1049 1704 cornua;
1459 1669 1496 1701 25

163 1737 282 1774 quem
313 1729 532 1761 conuocata
562 1721 670 1759 iubet
700 1720 829 1759 occidi
858 1721 1014 1769 familia,

165 1789 431 1838 praedamque
461 1788 571 1825 tollit.
632 1788 747 1824 Haec
779 1785 971 1836 significat
1002 1787 1132 1825 fabula

165 1853 373 1894 dominum
403 1852 537 1891 uidere
567 1851 778 1902 plurimum
812 1851 851 1889 in
881 1852 996 1890 rebus
1027 1851 1116 1895 suis.

210 1972 227 1998 4
253 1963 417 1998 oportuno
435 1957 468 1987 P
480 1958 592 1995 etfort.
614 1959 647 1988 R
664 1970 669 1988 :
695 1970 760 1991 om.
780 1960 849 1989 NV
864 1959 1109 1999 Paraplzrastac
1218 1969 1254 1989 se
1272 1959 1374 1989 bouili
1390 1958 1475 1989 Pith.
1494 1970 1501 1989 z

166 2002 269 2034 bobili
287 2013 323 2033 se
348 2002 402 2032 R:
426 2001 535 2032 bouile
553 2001 586 2031 P
603 2013 647 2032 m.
671 2013 689 2032 2
713 2003 746 2033 in
772 2014 856 2035 rasn:
884 2014 920 2033 se
944 2004 976 2033 in
1000 2003 1107 2034 bouile
1128 2002 1274 2033 coniecit
1291 2002 1361 2033 Ad.
1383 2002 1502 2033 lelss.:

167 2047 255 2077 inter
271 2045 412 2076 bubulos
432 2045 575 2075 rusticus
597 2046 739 2085 trustice
758 2046 804 2077 Vx
824 2057 859 2077 se
880 2046 948 2077 NV
1031 2055 1049 2085 5
1075 2047 1127 2076 hic
1141 2046 1263 2076 bosP:
1288 2046 1365 2077 huic
1384 2057 1425 2076 eo
1438 2045 1509 2075 NV

169 2101 185 2129 7
212 2090 423 2128 hominisque
440 2089 510 2118 NV
581 2091 601 2120 8
626 2100 688 2120 uos
701 2090 1043 2130 NVParaplzrastae:
1069 2090 1127 2119 bos
1143 2089 1208 2119 PR
1286 2090 1344 2120 10*
1369 2089 1433 2120 diei
1451 2088 1502 2119 P:

168 2135 245 2165 dein
264 2133 348 2164 NV:
367 2143 411 2162 (m
429 2133 480 2163 dic
500 2134 577 2164 dein
591 2134 606 2165 ζ)
683 2144 716 2164 11
743 2134 790 2164 nil
808 2133 958 2164 Sz'ebelis:
984 2133 1064 2163 nihil
1082 2132 1168 2163 NV:
1193 2143 1254 2163 nec
1272 2132 1347 2162 PR*
1417 2133 1502 2163 adeo

168 2178 372 2212 Salmasius,
399 2177 578 2210 Heinsius:
608 2178 684 2208 ideo
698 2178 748 2207 P:
773 2188 838 2207 om.
855 2177 924 2206 NV
999 2187 1037 2214 ¹3
1060 2186 1159 2206 nemo
1182 2186 1257 2206 eum
1276 2176 1423 2206 aduertit
1440 2175 1510 2206 NV

170 2222 300 2251 uillicns
313 2220 382 2250 NV
441 2232 476 2260 ¹4
503 2223 594 2252 ferus
608 2221 727 2253 PAd.:
750 2222 839 2251 serus
852 2220 903 2250 uel
913 2220 982 2250 fera
995 2220 1058 2251 Ro.
1071 2223 1229 2257 exparte:
1248 2229 1368 2250 ceruus
1381 2219 1501 2259 N(cor.

177 2262 258 2303 V)V
269 2263 364 2296 W't'ss.
379 2266 438 2296 Ro.
453 2277 491 2296 ex
504 2270 596 2304 parte
693 2266 731 2294 16
755 2263 833 2303 quia
848 2268 1058 2303 praestarent
1074 2262 1145 2293 NV
1224 2272 1262 2301 17
1288 2262 1440 2302 cupimus
1452 2262 1503 2292 P:

170 2309 322 2339 uolumus
331 2308 401 2339 NV
409 2310 476 2340 Ad.
494 2308 590 2339 lViss.
606 2308 667 2338 Ro.
681 2311 820 2347 exparte
835 2319 841 2337 :
861 2307 1069 2337 scruabimus
1080 2306 1142 2337 Ro.
1153 2310 1292 2346 exparte
1372 2316 1411 2346 19
1434 2317 1501 2336 om.

169 2352 237 2382 NV
293 2353 424 2392 periclo
439 2353 544 2383 Pina:
573 2351 722 2391 periculo
736 2350 769 2380 P
834 2361 870 2380 21
899 2351 1003 2380 boues
1018 2360 1127 2389 nuper
1141 2349 1173 2379 P
1236 2360 1276 2380 22
1302 2349 1461 2388 presepia
1477 2348 1509 2379 V

170 2406 211 2435 25
236 2402 287 2428 est
298 2397 366 2427 alta
377 2396 593 2434 conspicatus
604 2395 642 2430 P,
658 2394 745 2424 unde
757 2394 842 2424 ΡΜ).
857 2394 922 2424 alta
936 2401 988 2423 est
1003 2394 1214 2432 conspicatus
1286 2403 1326 2432 27
1346 2398 1407 2433 pro
1420 2393 1503 2423 haec

171 2440 257 2480 sign.
278 2441 387 2472 fabula
406 2439 476 2470 NV
486 2440 604 2470 habent
619 2449 718 2478 quam
735 2441 913 2477 parauerat
931 2447 1027 2467 casus
1043 2437 1164 2467 omisso
1181 2447 1213 2468 u.
1234 2438 1284 2477 28,
1304 2437 1340 2476 cs.
1359 2437 1402 2467 tit.
