1747 2745
251 154 759 192 PHAEDRIANARVM
794 157 1140 196 FABVLARVM

249 266 296 300 ‘o
326 269 471 300 sortem
503 262 703 312 iniquam}
735 264 829 301 dum
863 264 1051 302 uiuebant
1082 277 1257 315 corpora,

247 341 415 377 quorum
444 342 491 366 ex
521 328 693 378 reliquiis
725 329 898 367 animam
931 342 1002 368 nos
1033 330 1270 380 accepimus,

246 406 320 443 ego
349 395 540 444 eloquens
571 393 611 431 in
642 407 753 444 pace,
785 396 892 432 fortis
924 395 1091 444 proeliis,

247 467 328 497 arte
357 458 465 497 omni
497 458 678 509 princeps
711 459 812 498 inter
842 461 1017 510 aequalis
1048 460 1130 505 sui;

247 537 296 562 en
327 531 471 562 cuncta
500 524 638 562 leuitas
669 525 791 574 putris
821 532 859 563 et
892 525 1015 574 uolito
1047 526 1169 564 cinis:

247 597 299 636 tu,
332 588 399 639 qui
429 588 534 627 fuisti
567 591 696 627 mulus
728 589 963 637 clitellarius,

249 667 543 703 quemcumque
573 655 702 692 uisum
735 663 792 692 est
824 655 945 706 laedis
977 656 1096 694 infixo
1124 657 1264 695 aculeo
1277 658 1296 695 '.

248 726 286 756 at
318 732 438 769 uespa
468 719 627 769 dignam
660 719 835 758 moribus
868 733 1007 758 uocem
1041 721 1188 759 edidit:

253 786 369 823 ‘Non
400 784 467 834 qui
498 783 697 832 fuerimus,
729 786 799 824 sed
830 785 896 834 qui
928 799 1034 823 nunc
1065 785 1197 834 simus,
1231 787 1323 826 uide
1337 787 1358 826 ³.
1552 805 1591 826 10

740 951 856 987 XXX

487 1046 817 1079 TERRANEOLA
845 1047 912 1077 ET
936 1047 1119 1080 VVLPES

466 1132 584 1164 Prauis
602 1142 668 1162 non
687 1142 762 1163 esse
782 1132 881 1162 fidem
901 1131 1129 1162 adhibendam

307 1222 420 1266 AVIS‚
452 1231 570 1268 quam
602 1217 739 1256 dicunt
771 1218 1030 1255 terraneolam
1063 1218 1205 1266 rustici,

251 1286 290 1324 in
322 1293 421 1324 terra
451 1283 588 1321 nidum
622 1282 714 1332 quia
746 1281 951 1331 componit
983 1283 1141 1328 scilicet,

252 1353 349 1390 forte
380 1348 599 1388 occucurrit
633 1347 837 1397 improbae
870 1348 1114 1396 uulpeculae,

253 1430 331 1467 qua
360 1415 444 1454 uisa
473 1413 603 1464 pinnis
635 1413 750 1451 altius
781 1425 821 1450 se
855 1413 1023 1450 sustulit.

256 1482 439 1530 ‘Salue'3
479 1479 604 1530 inquit
636 1479 700 1516 illa
734 1481 823 1516 ‘cur
856 1491 919 1516 me
950 1477 1081 1527 fugisti
1112 1479 1308 1520 obsecro?

254 1547 364 1598 quasi
395 1559 477 1585 non
506 1545 668 1583 abunde
700 1545 748 1581 sit
778 1542 874 1580 mihi
907 1542 946 1580 in
979 1550 1089 1592 prato
1120 1544 1242 1593 cibus,

253 1614 373 1664 grylli,
406 1609 615 1657 scarabaei,
647 1611 888 1647 locustarum
922 1608 1037 1658 copia
1053 1623 1063 1656 3

254 1678 351 1717 nihil
381 1685 439 1716 est
469 1677 578 1726 quod
610 1683 786 1722 metua33
829 1687 903 1724 ego
937 1682 975 1712 te
1008 1675 1175 1712 multum
1208 1675 1328 1727 diligo

255 1750 413 1794 propter
443 1741 597 1792 quietos
628 1753 756 1779 mores
789 1747 827 1778 et
861 1739 982 1777 uitam
1018 1740 1182 1789 probam
1199 1741 1217 1778 '.

256 1808 458 1858 respondit
488 1805 637 1845 cantrix
670 1808 755 1844 ‘Tu
787 1805 949 1855 quidem
988 1805 1090 1843 bene
1120 1807 1334 1855 praedicas.
1561 1827 1600 1847 10

257 1874 296 1910 in
326 1885 468 1922 campo
499 1885 578 1909 non
609 1884 687 1920 par,
719 1870 823 1923 (par)
859 1884 943 1908 sum
976 1870 1156 1909 sublimis
1186 1871 1267 1909 tibi.

258 1938 352 1988 quin
383 1950 573 1996 sequere3
602 1936 671 1975 tibi
704 1938 868 1975 salutem
904 1936 968 1974 hic
1005 1935 1212 1974 committo
1244 1950 1373 1976 meam
1388 1940 1406 1978 ’.

1578 1500 1596 1530 ‘1¹

302 2052 322 2081 3
347 2042 530 2082 accipimus
547 2042 584 2081 V,
598 2042 743 2074 sedacce
763 2070 768 2074 .
786 2069 793 2075 .
815 2071 820 2076 .
841 2044 877 2074 N
967 2057 986 2083 4
1017 2045 1180 2085 eloquens
1190 2044 1362 2083 Jmmelli:
1385 2044 1525 2084 loquens
1538 2045 1606 2076 NV

259 2095 278 2125 5
303 2085 441 2125 equales
458 2085 505 2116 V:
531 2109 538 2116 .
554 2110 561 2117 .
578 2087 683 2126 qualis
696 2088 732 2117 N
789 2090 829 2119 6*
856 2100 895 2118 en
914 2094 1035 2120 cuncta
1055 2089 1348 2128 corruptuuasort.
1365 2099 1453 2119 nunc
1466 2089 1580 2120 tineae
1596 2101 1602 2119 :

260 2130 345 2160 eheu
366 2140 454 2160 nunc
471 2129 594 2171 Speyer
669 2136 702 2162 et
719 2137 917 2172 suspectum.
930 2133 1010 2172 sort.
1035 2138 1071 2163 ut
1163 2143 1184 2173 9
1209 2132 1373 2163 memoria
1388 2132 1603 2163 Halbertsma

260 2173 364 2203 edidit
376 2173 548 2210 Jannelli:
573 2175 678 2206 edulit
699 2175 742 2206 V:
769 2177 820 2206 ed.
838 2176 881 2206 di.
902 2176 940 2205 N

304 2216 409 2247 XXX
427 2217 608 2257 (XXXII).
636 2217 675 2250 H
696 2230 767 2259 135.
863 2231 877 2251 1
905 2220 989 2251 Auis
1007 2221 1062 2251 N:
1087 2220 1172 2259 Quis
1195 2220 1226 2250 V
1307 2220 1532 2252 terraneolam
1551 2220 1602 2250 N:

261 2260 463 2291 tarantulam
484 2261 516 2291 V
593 2273 612 2301 3
637 2265 827 2295 occucurrit
846 2264 1002 2295 Burman
1018 2276 1024 2295 :
1048 2265 1191 2295 occurrit
1209 2264 1280 2294 NV
1358 2276 1377 2303 4
1402 2265 1523 2304 pennis
1539 2264 1610 2294 NV

263 2313 280 2342 7
305 2303 510 2335 lucustarum
529 2305 640 2338 Havet
753 2308 810 2338 10*
836 2309 966 2338 cantrix
983 2308 1114 2348 scripSi:
1142 2314 1259 2339 contra
1277 2308 1348 2339 NV
1452 2307 1510 2338 11*
1535 2318 1603 2338 non

262 2357 334 2377 sum
349 2348 383 2378 in
398 2358 517 2389 campo
531 2360 592 2389 par
605 2350 664 2381 tibi
683 2351 742 2380 sed
760 2361 831 2381 sum
848 2351 908 2380 sub
923 2352 1002 2382 diuo
1016 2351 1186 2390 Nunod
1199 2352 1322 2382 correxi
1367 2351 1518 2382 sublimis
1536 2351 1604 2381 iam

262 2389 381 2431 Speyer
494 2392 553 2422 12*
578 2394 638 2424 tibi
657 2394 799 2424 salutem
818 2394 976 2425 Mueller:
1001 2395 1139 2425 salutem
1159 2395 1216 2425 tibi
1235 2394 1305 2425 NV
1401 2395 1455 2425 hic
1472 2394 1604 2436 scripsi:

263 2445 331 2465 om.
349 2433 419 2465 NV
