1747 2745
684 161 1004 201 PRAEFATIO

172 283 339 322 quorum
379 270 538 322 repertis
582 271 612 309 si
658 270 878 321 potuissent
926 271 979 310 uti
1020 272 1166 323 priores
1206 275 1336 313 multis
1383 275 1502 315 hodie

171 350 392 377 careremus
427 337 630 376 doctrinae
664 336 891 387 ingeniosae
921 337 1207 388 experimentis.
1277 343 1499 380 cauendum

172 409 232 442 est
259 410 392 441 autem
420 415 470 440 ne
499 402 679 440 Phaedro
707 402 931 441 Phaedrum
960 402 1085 442 inuito
1113 403 1334 455 ingeramus
1359 405 1500 457 ipsum-

171 481 250 520 que
283 467 395 519 quasi
433 467 472 506 in
512 468 692 506 ordinem
732 468 954 518 redigamus
994 470 1102 519 quod
1141 470 1376 520 aliquotiens
1412 471 1500 510 fecit

174 537 368 574 Hauetus.
426 534 547 573 rarius
581 541 686 571 certe
720 541 853 571 noster
887 532 1068 584 quintum
1105 536 1247 586 pedem
1283 537 1421 575 senarii
1462 537 1499 575 in

173 600 282 640 breui
306 598 468 647 incidit;
500 598 570 637 sed
601 611 808 648 nusquam,
835 600 944 649 quod
976 600 1136 646 Seneca,
1171 615 1261 640 eum
1293 601 1332 640 id
1363 602 1499 642 fecisse

172 665 237 705 uix
274 674 390 713 recte,
421 672 464 703 ut
503 665 676 714 Speyero
705 676 866 713 quoque
904 664 1068 716 aliisque
1098 666 1263 713 uidetur,
1297 669 1500 706 contendit

174 731 359 770 Hauetus
375 743 439 780 pp.
462 731 535 778 178
552 742 648 779 sqq„
664 728 726 767 cui
747 737 901 768 tantum
923 737 1055 769 tamen
1076 732 1333 771 concedimus
1350 741 1390 772 ut
1404 733 1500 784 quid

173 796 212 834 in
229 807 310 834 uno
325 807 485 846 quoque
502 795 590 833 loco
609 795 841 832 nouandum
859 794 894 832 ei
911 795 1109 834 uideretur
1125 797 1338 847 legentium
1355 797 1500 838 iudicio

172 860 463 900 subiecerimus.
522 859 710 906 iambum,
734 860 877 910 pedem
906 859 1013 899 illum
1037 861 1159 900 citum
1184 863 1368 911 (Horatio
1391 871 1498 911 teste,

171 927 222 965 A.
240 927 287 964 P.
314 924 420 977 252),
434 926 595 964 fortasse
616 925 799 963 consulto
815 932 949 964 noster
970 926 1162 974 adhibuit,
1187 940 1266 978 quo
1288 929 1426 967 melius
1447 928 1501 966 rei

171 990 410 1030 celeritatem
428 990 589 1029 auribus
610 998 927 1039 repraesentaret,
947 998 988 1029 ut
1006 991 1044 1029 in
1063 994 1165 1043 App.
1185 992 1221 1030 ii.
1241 1006 1260 1043 5
1281 996 1290 1013 ‘
1303 995 1501 1044 elephanti

173 1055 274 1095 uires
301 1063 340 1095 et
367 1055 482 1094 leonis
507 1055 718 1104 impetum’,
751 1055 798 1092 cf.
833 1056 903 1094 IV.
935 1055 972 1093 ii.
1007 1070 1048 1094 11
1077 1060 1228 1096 ‘mures
1258 1059 1392 1096 ueloces
1420 1071 1501 1097 non

172 1119 319 1156 ualeret
335 1116 509 1168 adsequi'
521 1132 531 1165 ;
554 1117 664 1168 quod
689 1117 820 1168 ipsum
840 1117 880 1155 in
903 1118 1072 1157 Nauckii
1095 1132 1254 1170 quoque
1279 1121 1503 1159 coniectura

171 1183 416 1223 aestimanda
449 1183 570 1235 (App.
603 1197 636 1222 v.
672 1197 708 1231 4,
743 1182 784 1234 5)
812 1182 948 1233 utique
987 1197 1068 1222 non
1108 1186 1394 1236 neglegendum
1433 1194 1500 1225 est.

173 1263 246 1290 nec
273 1249 408 1290 omnia
431 1249 547 1289 nobis
577 1249 684 1289 idem
713 1249 904 1300 persuasit
929 1263 1029 1300 quae
1055 1251 1105 1289 de
1131 1251 1433 1302 interpungendi
1463 1251 1502 1290 in

172 1314 312 1354 mediis
337 1314 516 1354 uersibus
541 1314 692 1353 ratione
717 1313 798 1365 (pp.
826 1327 901 1364 154
926 1327 1038 1365 sqq.;
1067 1316 1113 1354 cf.
1139 1317 1168 1354 Ι.
1198 1316 1236 1354 ii.
1264 1318 1299 1365 8,
1328 1318 1358 1355 I.
1387 1316 1435 1355 iv.
1467 1331 1501 1355 2.

171 1381 275 1431 App.
295 1379 345 1419 xi.
367 1393 392 1428 4
411 1378 534 1432 adn.)‚
562 1388 629 1418 aut
657 1380 709 1419 de
738 1378 852 1430 primi
882 1379 993 1430 pedis
1019 1379 1276 1421 incisionibus
1297 1381 1378 1434 (pp.
1404 1385 1504 1431 1603

173 1445 246 1484 IV.
269 1457 305 1496 5.
328 1458 389 1495 34,
413 1447 460 1483 V.
482 1444 546 1485 vii.
570 1456 616 1493 17
639 1443 708 1496 al.)
731 1451 798 1482 aut
828 1444 879 1483 de
908 1445 1112 1484 uocalibus
1143 1445 1183 1484 in
1212 1460 1371 1486 caesura
1400 1448 1502 1487 elisis

172 1509 255 1562 (pp.
289 1524 362 1561 150
389 1523 458 1561 sq.‚
491 1512 596 1549 Nou.
626 1511 724 1549 Fab.
753 1509 801 1549 vi.
835 1508 886 1561 3).
946 1512 1055 1561 quod
1083 1513 1135 1550 ad
1167 1512 1265 1550 ‘nil'
1294 1521 1332 1552 et
1365 1514 1503 1552 ‘nihil'

171 1576 322 1625 attinet,
344 1590 427 1616 rem
447 1585 607 1616 tenuem
628 1583 667 1615 et
686 1575 822 1615 nescio
842 1589 922 1626 quo
944 1577 1065 1615 modo
1086 1576 1316 1627 impeditam
1337 1577 1401 1617 hic
1422 1592 1501 1618 non

173 1650 287 1682 uacat
314 1650 561 1693 pertractare,
579 1655 670 1681 curn
691 1640 918 1692 praesertim
940 1642 990 1681 de
1010 1655 1056 1681 ea
1076 1643 1253 1693 pluribus
1275 1643 1313 1681 in
1337 1645 1500 1683 Herma-

172 1708 292 1747 thena
309 1709 385 1747 hoc
401 1721 509 1747 anno
522 1707 809 1758 disputandum
831 1706 891 1745 sit.
950 1706 1085 1757 paucis
1107 1707 1221 1758 igitur
1236 1708 1499 1756 absoluemus‚

173 1772 346 1813 mediam
380 1773 581 1824 quandam
617 1773 718 1811 inter
753 1771 936 1811 Muelleri
965 1772 1195 1823 Hauetique
1225 1773 1366 1824 placita
1397 1774 1499 1813 uiam

172 1845 377 1888 tenentes3
411 1846 579 1889 utroque
610 1851 726 1876 usum
756 1850 840 1877 esse
872 1838 1096 1877 Phaedrum
1127 1846 1169 1876 ut
1199 1846 1329 1877 tamen
1362 1839 1501 1878 ‘nihil'

173 1917 308 1944 uersus
329 1905 510 1943 ultimum
533 1904 675 1954 pedem
698 1910 735 1942 et
755 1903 876 1941 alium
898 1903 1089 1953 quemuis,
1115 1903 1145 1941 si
1168 1904 1288 1943 modo
1308 1905 1502 1955 exciperet

173 1983 359 2018 consona,
394 1971 548 2020 explere
567 1976 777 2020 ,pateretur
813 1981 942 2019 neque
976 1975 1067 2007 ante
1098 1969 1276 2007 uocalem
1307 1968 1346 2007 in
1376 1970 1502 2020 priore

173 2036 336 2088 quidem
370 2037 482 2087 pedis
516 2043 624 2086 parte
654 2043 863 2086 respueret,
894 2033 1014 2072 aliubi
1045 2041 1082 2072 et
1122 2033 1160 2071 in
1191 2046 1366 2073 consona
1395 2042 1432 2074 et
1463 2034 1501 2073 in

173 2101 302 2142 uocali
334 2101 433 2141 ‘nil’
463 2115 542 2141 uno
571 2101 762 2141 adhibito.
823 2100 899 2140 iam
931 2113 1003 2139 nec
1035 2101 1279 2150 frequentata
1312 2112 1334 2138 a
1369 2107 1502 2139 nostro

174 2167 352 2208 eiusdem
383 2167 469 2207 soni
499 2181 644 2208 uocum
676 2167 784 2206 initia
814 2169 864 2207 ad
894 2166 1095 2206 arbitrium
1130 2165 1310 2204 Muelleri
1332 2165 1384 2215 (p.
1413 2164 1502 2217 101)

174 2233 379 2274 reciderim
401 2248 474 2274 nec
490 2235 611 2274 uerba
631 2246 717 2273 sese
737 2234 777 2272 in
799 2233 1015 2272 minoribus
1038 2230 1250 2272 interuallis
1271 2230 1502 2280 excipientia

175 2312 294 2350 quam
314 2299 430 2339 huius
451 2301 595 2340 saeculi
617 2299 798 2339 auriculis
820 2299 1036 2339 iucundum
1058 2306 1126 2338 est.

230 2363 413 2405 Etiamne
433 2366 484 2405 de
503 2365 781 2417 orthographia
801 2365 1013 2405 dicendum
1037 2366 1124 2404 est?
1165 2363 1204 2402 in
1225 2375 1302 2414 qua
1323 2369 1502 2412 corrupta

809 2445 873 2469 xnl
