1747 2745
165 387 716 437 PHAEDRIANAE
771 389 1111 438 FABVLAE
1166 392 1420 438 NOVAE

208 499 461 549 DECEM
513 501 614 547 EX
669 501 1376 550 PARAPHRASTARVM

487 610 728 658 COPIIS
769 611 1154 660 SELECTAE

781 749 796 785 I

564 831 719 863 CVLEX
745 833 803 863 ET
826 833 1013 866 TAVRVS

218 909 364 949 CVLEX
395 922 484 947 cum
517 918 670 948 taurum
702 919 955 960 prouocasset
985 911 1144 959 uiribus,

159 975 290 1015 cuncti
322 984 515 1013 uenerunt
546 983 588 1014 ut
618 977 862 1026 spectaclum
892 975 1107 1016 cernerent.

159 1050 252 1080 tunc
282 1052 426 1091 paruus
456 1039 582 1078 ‘Satis
611 1048 669 1078 est
699 1042 809 1090 quod
839 1041 980 1079 uenisti
1009 1041 1258 1081 comminus:

159 1108 235 1144 iam
267 1117 335 1155 par
365 1103 436 1142 tibi
466 1117 552 1142 sum
585 1105 710 1142 factus
741 1104 888 1144 iudicio
917 1107 1017 1145 tuo'.

158 1171 221 1209 hic
252 1182 293 1208 se
322 1182 390 1220 per
419 1181 530 1207 auras
561 1168 717 1207 sustulit
747 1169 869 1219 pinna
897 1169 974 1209 leui
1471 1188 1488 1220 5

157 1235 328 1286 lusitque
358 1233 511 1273 turbam
544 1242 582 1273 et
613 1233 710 1272 tauri
741 1234 916 1273 destituit
945 1235 1071 1274 minas
1086 1250 1098 1285 ;

158 1302 235 1351 qui,
268 1300 298 1339 si
330 1300 465 1340 fuisset
495 1301 649 1339 ualidae
678 1300 841 1339 ceruicis
870 1313 1032 1350 memor,

158 1367 390 1417 pudendum
420 1366 724 1417 contempsisset
752 1366 1035 1415 aduersarium,

158 1430 319 1470 materia
348 1430 504 1481 ineptae
533 1444 607 1469 nec
637 1432 772 1469 fuisset
799 1432 955 1481 gloriae.

212 1495 293 1534 Sibi
325 1496 467 1534 famam
500 1495 641 1534 minuit
671 1495 739 1546 qui
769 1509 810 1534 se
839 1495 1011 1546 indignis
1041 1504 1253 1548 comparat.
1453 1514 1491 1535 10

773 1629 814 1667 II

582 1714 732 1753 EQVVS
760 1713 1004 1746 MALIGNVS

214 1794 366 1838 EviM
399 1793 560 1842 rogabat
591 1791 726 1831 asinus
758 1793 971 1842 pauxillum
1003 1793 1152 1833 hordei.

203 1897 226 1927 1.
239 1893 304 1927 Th
314 1897 365 1935 84,
376 1896 478 1937 praef.
489 1896 620 1935 ccxviii,
635 1896 680 1928 Cl.
695 1896 886 1937 Q.xii.154.
911 1897 1032 1929 Exstat
1041 1897 1492 1938 apudAd.et1'nterAlcxau-

156 1940 210 1970 dm·
223 1940 388 1971 Neckham
404 1939 516 1980 elegos,
531 1939 710 1980 Hervieux,
727 1940 790 1971 Les
802 1940 984 1972 Fabulistes
997 1941 1098 1972 latins
1108 1941 1226 1982 ii².393
1327 1944 1364 1973 2*
1382 1944 1493 1974 cuncti

158 1983 208 2013 1th
229 1984 357 2024 populi,
376 1989 544 2014 uenerunt
563 1984 698 2024 scripsi:
721 1994 801 2017 uen.
817 1984 925 2016 cuncti
937 1984 1152 2025 populiAd.:
1178 1986 1339 2017 conuenit
1352 1986 1494 2018 maxima

157 2027 252 2058 turba
262 2026 427 2058 Necklmm
486 2027 694 2066 spectaclum
710 2028 843 2069 scripsi:
862 2028 1053 2068 spectacula
1064 2027 1133 2059 Ad.
1197 2039 1217 2068 3
1241 2039 1367 2069 paruus
1377 2029 1472 2061 Birt*
1486 2040 1493 2059 :

159 2080 283 2109 paruus
294 2070 389 2101 culex
402 2069 468 2101 Ad.
540 2071 621 2101 satis
636 2076 686 2102 est
702 2071 880 2103 Burman*
895 2083 902 2102 :
920 2072 1117 2110 satisinquit
1128 2072 1235 2103 habeo
1245 2072 1313 2104 Ad.
1383 2085 1402 2112 4
1428 2074 1492 2104 iam

156 2113 279 2153 addidi,
297 2114 316 2144 s.
337 2114 399 2144 iam
418 2123 492 2144 sum
513 2125 636 2155 nempe
655 2120 713 2146 tuo
733 2127 794 2157 par
811 2116 868 2147 tibi
893 2115 1017 2147 iudicio
1035 2115 1219 2147 Necklmm:
1243 2126 1370 2155 paruus
1385 2121 1407 2149 t.
1427 2117 1448 2149 f.
1464 2127 1492 2148 s.

156 2156 237 2194 Aah,
251 2168 331 2189 corr.
346 2157 504 2189 Burman
563 2161 585 2189 6
609 2161 738 2192 turbam
758 2162 959 2193 Burman*:
983 2162 1081 2193 turba
1094 2161 1163 2192 Ad.
1225 2171 1242 2199 7
1269 2160 1325 2200 qui
1338 2160 1493 2192 Mueller:

156 2201 245 2240 quod
258 2200 328 2231 Ad.
421 2205 442 2234 8
467 2205 730 2245 contempsisset
751 2205 940 2246 (Burman)
963 2206 1193 2237 aduersarium
1211 2204 1390 2236 Muellest:
1414 2214 1493 2235 con-

158 2249 341 2284 tempserat
365 2247 535 2279 inimicum
553 2249 621 2281 Ad.
757 2259 780 2289 9
803 2254 883 2280 mat.
900 2250 1037 2289 ineptae
1055 2260 1117 2280 nec
1135 2250 1156 2280 s.
1174 2248 1306 2289 gloriae
1320 2247 1493 2278 Heraeus:

157 2292 190 2318 et
207 2289 344 2329 ineptae
359 2292 543 2322 mathei-iae
557 2303 623 2323 non
639 2293 660 2324 f.
675 2292 831 2332 gloriatio
844 2293 912 2324 Ad.
978 2303 1016 2323 10
1038 2293 1101 2323 sibi
1115 2292 1235 2323 samam
1249 2291 1366 2322 minuit
1379 2290 1471 2321 Birt*
1485 2301 1491 2321 :

156 2332 233 2371 quia
247 2332 303 2365 ille
318 2335 380 2366 sibi
397 2336 517 2366 samam
536 2336 690 2366 diminuit
708 2335 777 2368 Ad.

200 2376 243 2408 11.
270 2375 334 2409 Th
348 2380 400 2413 82.
411 2379 513 2419 praes.
527 2380 647 2417 ccxvii,
661 2379 709 2411 CI.
724 2379 763 2419 Q.
778 2379 836 2410 xii.
850 2387 920 2418 155.
953 2378 1076 2410 Exstat
1085 2377 1253 2419 apudAd.
1318 2387 1331 2408 1
1354 2377 1493 2417 rogabat

157 2419 336 2453 Burman*
352 2433 358 2452 :
383 2432 457 2453 cum
476 2427 611 2462 rogaret
627 2422 698 2455 Ad.
826 2421 1011 2462 pauxillum
1028 2423 1160 2462 scripsi:
1186 2431 1301 2461 parum
1318 2421 1384 2453 sibi
1402 2421 1468 2453 Ad.
1485 2432 1493 2451 ε

158 2465 355 2505 particulam
377 2465 529 2497 Mueller:
556 2466 726 2506 paululum
744 2465 903 2496 Burman
