1747 2745
405 398 620 445 LIBER
672 397 995 458 QVINTVS

542 530 858 569 PROLOGVS

551 639 665 670 IDEM
695 639 846 671 POETA

253 726 407 763 Art-som
437 737 584 763 nomen
615 724 741 763 sicubi
772 724 1053 775 interposuero,

199 788 261 827 cui
291 788 446 828 reddidi
476 789 552 827 iam
583 790 734 839 pridem
767 789 955 840 quicquid
985 790 1116 837 debui,

198 853 439 893 auctoritatis
469 867 555 893 esse
585 854 684 893 scito
712 856 859 905 gratia3

199 927 240 958 ut
271 919 432 970 quidam
462 919 629 958 artifices
660 928 795 959 nostro
816 920 972 959 ¹faciunt
1001 923 1169 967 saeculo,

198 986 265 1035 qui
296 985 463 1036 pretium
495 986 680 1036 operibus
711 986 835 1025 maius
867 985 1076 1025 inueniunt
1106 986 1221 1025 nouis
1511 1005 1528 1036 5

199 1050 228 1089 si
261 1050 442 1089 marmori
474 1051 764 1102 adscripserunt
796 1051 1016 1090 Praxitelen
1046 1063 1144 1097 suo?

199 1115 342 1154 detrito
373 1117 469 1165 Myn
500 1123 673 1166 argento,
706 1115 864 1155 tabulae
893 1115 1119 1155 Zeuxidem.

197 1182 299 1220 adeo
330 1182 482 1220 fucatae
513 1183 599 1232 plus
631 1182 813 1221 uetustati
846 1184 950 1221 fauet

201 1246 358 1286 Inuidia.
388 1248 549 1285 mordax
580 1260 697 1297 quam
730 1247 844 1286 bouis
875 1247 1155 1298 praesentibus.

198 1312 268 1350 sed
299 1311 374 1349 iam
406 1312 456 1350 ad
487 1311 668 1351 fabellam
701 1312 786 1351 talis
817 1312 983 1363 exempli
1015 1315 1125 1352 feror.
1495 1329 1533 1352 10

614 1392 630 1411 ss
692 1391 709 1410 ⁵⁵

713 1516 728 1552 Ι

243 1608 515 1640 DEMETRWS
543 1608 639 1639 REX
666 1609 720 1640 ET
748 1610 1011 1641 MENANDER
1040 1609 1194 1642 POETA

255 1698 505 1735 DEMETRWS
536 1710 610 1744 rex,
643 1696 710 1747 qui
742 1698 952 1736 Phalereus
982 1696 1110 1736 dictus
1140 1704 1209 1744 est,

197 1763 375 1801 Athenas
404 1763 614 1811 occupauit
644 1760 809 1812 imperio
838 1761 1031 1812 improbo.

197 1834 239 1866 ut
267 1840 355 1866 mos
385 1835 443 1866 est
472 1828 590 1878 uulgi,
623 1826 768 1877 passim
799 1834 836 1866 et
865 1826 1041 1866 certatim
1073 1826 1157 1866 ruit.

242 1931 384 1963 Librum
401 1932 430 1962 V
447 1942 524 1962 cum
542 1931 621 1961 libro
640 1931 686 1962 IV
701 1931 899 1962 continuant
912 1931 977 1962 PR

240 1974 416 2016 Prologus.
463 1971 503 2005 H
519 1984 572 2014 97.
675 1974 804 2005 Perotto
820 1978 919 2005 notus
931 1984 943 2011 ,·
965 1974 1002 2014 cs:
1021 1973 1099 2006 adn.
1118 1973 1166 2005 ad
1180 1986 1210 2006 u.
1229 1975 1250 2006 8
1357 1985 1377 2005 2
1402 1976 1531 2008 reddidi

198 2017 307 2050 pith:
333 2018 429 2050 reddi
445 2017 521 2049 PR‘
648 2027 668 2057 5
690 2018 788 2049 nouis
806 2017 985 2049 Heinsius:
1014 2028 1100 2048 nouo
1117 2018 1152 2049 P
1259 2028 1276 2057 7
1303 2018 1384 2059 Myn
1401 2019 1530 2061 Bergk:

199 2061 378 2101 Myronem
391 2060 486 2093 PR':
513 2061 590 2093 trito
611 2061 787 2101 Myronem
805 2060 965 2102 Bongars
1037 2062 1168 2092 tabulae
1185 2062 1337 2101 Bentley:
1363 2062 1530 2103 sabulka‘e

198 2104 262 2136 PR
330 2105 518 2136 Zeuxidem
533 2105 684 2145 Bentley:
704 2105 887 2136 exaudiant
901 2106 965 2136 PR
980 2116 987 2136 :
1009 2105 1151 2136 Pausian
1166 2105 1274 2146 Bergk
1355 2107 1375 2137 8
1401 2107 1530 2138 fucatae

194 2147 228 2186 J.
253 2148 292 2180 F.
324 2147 475 2180 Gronov:
513 2149 645 2188 fugatae
670 2148 744 2180 PR'
769 2149 921 2180 Pcrottus
944 2148 1002 2188 qui
1023 2161 1080 2180 uu.
1104 2149 1134 2185 8,
1161 2160 1182 2189 9
1206 2160 1268 2180 suo
1290 2149 1337 2181 ad
1361 2150 1531 2190 Ryrrlrum

194 2192 331 2231 prologo
343 2191 482 2223 inseruit
569 2193 729 2223 uetustati
748 2192 839 2232 quod
852 2193 929 2223 coni.
945 2192 1086 2232 Bentley.
1102 2192 1253 2224 Perottus
1266 2205 1272 2223 :
1300 2195 1443 2224 uetustis
1457 2193 1530 2224 PR'

202 2245 240 2265 10
264 2234 347 2266 Post
360 2235 392 2266 h.
410 2247 442 2267 u.
460 2236 617 2266 lacunam
634 2237 753 2267 statuit
766 2235 903 2266 Mueller
918 2246 970 2266 cm
987 2237 1174 2277 refragatus
1189 2235 1300 2268 Have!
1315 2237 1374 2268 lzoc
1388 2238 1532 2268 carmine

197 2288 273 2308 cnm
289 2289 322 2309 se
346 2279 437 2309 uenti
448 2279 615 2309 coniuncto
632 2279 720 2310 haud
737 2279 814 2310 talis
829 2279 907 2320 legit

243 2320 269 2353 1.
350 2322 404 2361 98.
498 2322 533 2352 1*
560 2322 754 2353 Demetrius
778 2332 838 2353 rex
860 2333 898 2353 ex
918 2322 951 2353 R
973 2323 1116 2354 rest1tur':
1143 2333 1203 2354 rex
1223 2334 1290 2356 om.
1309 2324 1411 2354 PNV
1426 2323 1530 2354 inuito

198 2364 302 2405 ipsius
322 2364 499 2396 Pitlroeam'
518 2366 610 2396 titulo
634 2365 704 2397 edd.
841 2366 895 2406 qui
920 2365 1029 2397 dictus
1057 2372 1108 2397 est
1132 2367 1262 2398 RNV:
1294 2367 1349 2407 qui
1376 2367 1485 2398 dictus
1501 2367 1534 2397 P

201 2407 388 2438 Phalereus
412 2408 502 2447 quod
522 2409 555 2438 in
574 2410 647 2449 fine
673 2420 790 2440 uersus
817 2409 964 2440 exhibent
988 2409 1088 2441 PNV
1107 2415 1182 2442 ante
1209 2411 1316 2442 dictus
1344 2412 1534 2452 transposui

200 2455 236 2481 ut
253 2450 419 2482 Bentlcr'us
435 2452 468 2481 1'11
487 2453 571 2482 110th
589 2452 738 2482 nondum
756 2452 847 2482 cdttis
