1747 2745
710 122 1030 184 PRAEFATIO

248 230 435 270 Finitima
456 239 513 270 est
535 230 626 269 huic
649 230 870 281 quaestioni
893 233 1096 270 Nonarum
1120 234 1150 270 F
1152 232 1368 280 abularum,
1391 240 1433 270 ut
1459 246 1525 271 uo-

192 304 342 342 cantur,
369 296 548 335 tractatio
581 296 620 334 in
656 310 736 346 quo
771 297 933 335 fortasse
961 296 1102 347 aliquis
1133 296 1346 347 mirabitur,
1369 296 1525 348 triginta

193 361 272 398 sere
286 361 437 399 fabulas
454 375 499 399 ex
516 360 640 411 copiis
655 362 1000 411 Paraphrastarum
1014 375 1104 400 cum
1121 364 1341 401 Burmanus
1357 364 1524 402 Mueller

192 424 254 462 alii
273 424 480 471 ediderint,
495 439 568 464 nos
583 422 624 462 in
637 427 775 464 decem
796 433 863 464 aut
884 427 914 464 si
933 426 1077 466 Leonis
1094 426 1311 478 Regnantis
1333 427 1522 466 rationem

192 489 374 528 habueris
404 489 444 528 in
474 489 660 528 undecim
689 490 919 529 substitisse.
971 493 1034 530 cui
1064 492 1234 531 breuiter
1262 492 1523 543 respondeam

193 555 290 600 illos,
313 555 409 593 dum
431 554 548 592 officii
565 554 624 592 sui
646 567 731 593 esse
753 556 920 594 credunt
937 557 1118 595 Phaedro
1139 557 1334 607 quidquid
1355 555 1523 595 Phaedri

192 627 293 658 esset
314 619 526 666 restituere,
546 627 737 669 quantum
760 619 799 658 in
817 621 893 659 hoc
913 634 1056 671 genere
1074 621 1153 660 fieri
1175 629 1307 672 posset
1328 635 1409 660 non
1431 622 1522 660 satis

192 684 470 724 considerasse.
531 686 663 736 itaque
688 684 820 724 euenit
842 693 883 724 ut
904 699 992 735 pars
1013 699 1154 736 magna
1174 687 1403 725 fabellarum
1425 700 1522 737 quas

193 751 374 789 Phaedro
402 751 436 789 ei
465 750 707 798 adtribuunt,
732 764 823 789 cum
854 764 1104 801 nequaquam
1130 751 1182 789 ita
1208 753 1371 790 traditae
1398 751 1474 790 sint
1500 765 1523 790 a

192 816 457 866 Paraphrastis
491 824 534 855 ut
569 830 688 867 opera
719 816 821 854 facili
852 816 891 854 in
922 830 1057 855 uersus
1088 816 1208 868 redigi
1238 825 1409 867 possent,
1441 831 1521 857 non

191 881 291 920 illius
318 882 394 920 sint
418 883 487 921 sed
515 881 701 932 ipsorum.
760 895 832 932 ego
853 890 988 921 contra
1008 883 1232 920 cauendum
1254 895 1338 921 esse
1358 881 1452 921 duxi
1471 897 1522 923 ne

192 947 359 986 Phaedri
380 947 562 987 studiosis
580 961 739 986 causam
761 947 918 986 iniciam
936 948 1125 997 querendi
1147 948 1255 998 quod
1276 949 1330 986 eis
1345 955 1522 987 carerent

191 1024 292 1061 quae
330 1012 407 1051 leui
445 1019 600 1051 tantum
631 1013 754 1051 modo
785 1013 1004 1050 mutatione
1042 1011 1082 1050 in
1116 1011 1318 1062 pristinam
1348 1014 1520 1063 speciem

190 1078 364 1116 reuocari
386 1077 608 1128 potuissent
629 1085 696 1116 aut
718 1079 827 1128 quod
847 1091 918 1128 pro
940 1076 1054 1116 certis
1076 1078 1222 1116 incerta
1241 1084 1308 1116 aut
1328 1077 1445 1116 etiam
1467 1079 1520 1116 in-

190 1142 403 1182 certissima
429 1143 503 1182 sibi
531 1143 774 1194 ingesserim.
832 1157 964 1193 neque
989 1156 1083 1182 uero
1104 1144 1143 1181 in
1169 1143 1420 1183 recensendis
1447 1143 1520 1182 illis

191 1208 330 1248 fabulis
352 1209 617 1259 indiligentior
639 1222 723 1247 esse
744 1210 853 1248 uolui
869 1222 989 1259 quam
1010 1208 1050 1247 in
1071 1208 1301 1259 deligendis.
1359 1208 1456 1260 quid
1480 1208 1519 1247 in

190 1276 264 1313 hac
308 1283 415 1326 parte
454 1277 580 1314 facere
620 1283 786 1314 conatus
833 1275 905 1313 sim
946 1275 1023 1313 iam
1062 1275 1184 1314 fusius
1226 1275 1319 1314 alibi
1357 1275 1519 1326 exposui

189 1339 394 1390 (Classical
422 1342 640 1391 Quarterly,
663 1348 689 1380 t.
711 1340 762 1379 xii
792 1339 943 1393 (1918),
972 1355 1037 1391 pp.
1064 1354 1132 1391 151
1157 1341 1261 1393 sqq.)
1288 1341 1519 1391 fabulasque

188 1414 337 1456 praeter
364 1420 482 1445 unam
513 1406 550 1445 iv
582 1406 758 1457 pleniore
791 1406 845 1445 ibi
875 1406 1132 1445 adnotatione
1165 1407 1370 1445 instructas
1398 1407 1514 1455 edidi,

190 1472 259 1510 sed
288 1472 338 1510 ab
369 1473 428 1510 his
458 1486 537 1511 non
565 1474 734 1510 multum
763 1471 909 1522 alioqui
938 1471 1205 1522 discrepantes
1235 1471 1448 1522 nisi,quod
1477 1473 1516 1510 in

188 1546 372 1576 contextu
393 1539 560 1587 paucula
581 1538 619 1575 in
642 1537 792 1585 melius,
818 1545 860 1576 ut
881 1550 1006 1588 spero,
1027 1537 1210 1576 secundis
1231 1537 1333 1576 curis
1354 1539 1516 1576 mutaui.

187 1604 267 1642 duo
285 1603 378 1642 mihi
395 1617 495 1653 quae
516 1617 699 1654 sequerer
721 1605 909 1654 proposui
931 1604 1095 1642 alterurn
1113 1611 1154 1641 ut
1171 1604 1515 1653 Paraphrastarum

187 1669 358 1719 ipsorum
387 1668 544 1716 indicia,
575 1670 696 1708 modo
724 1670 950 1719 incorrupta
980 1676 1120 1715 essent,
1145 1682 1263 1718 quam
1288 1669 1516 1709 fidelissime

186 1746 391 1780 seruarem,
409 1735 574 1772 alterum
596 1742 637 1773 ut
657 1736 708 1774 ad
730 1734 922 1774 sermonis
940 1733 1174 1773 Phaedriani
1195 1735 1450 1784 proprietates
1470 1749 1516 1774 ea

187 1812 288 1848 quae
326 1798 537 1848 cogitando
577 1800 818 1839 extudissem
860 1814 979 1851 quam
1024 1798 1270 1838 seuerissime
1310 1800 1514 1850 exigerem,

186 1864 286 1902 hanc
321 1864 359 1901 in
387 1863 613 1903 uniuersum
651 1873 808 1906 secutus
838 1867 943 1904 uiam
972 1873 1015 1904 ut
1043 1866 1170 1915 primo
1196 1863 1279 1915 ipse
1306 1866 1515 1916 Paraphra-

185 1935 329 1965 starum
360 1928 480 1966 uerba
517 1927 724 1979 diligenter
763 1929 983 1968 examinata
1017 1936 1056 1974 et
1088 1941 1282 1979 perpensa
1310 1927 1350 1966 in
1378 1942 1514 1968 uersus

184 1993 444 2040 reformarem,
468 2007 560 2031 mox
582 1994 747 2034 aliorum
773 1995 1006 2047 inspicerem
1028 1995 1190 2034 inuenta
1205 2009 1215 2042 3
1244 2006 1411 2044 quorum
1433 2008 1513 2033 non

184 2056 235 2094 ita
255 2070 379 2106 pauca
395 2071 486 2096 cum
504 2059 601 2098 meis
619 2074 835 2112 congruere
853 2062 1033 2113 cognoui,
1053 2062 1160 2112 quod
1181 2061 1327 2099 docent
1341 2060 1513 2099 asterisci

184 2121 222 2159 in
242 2123 498 2164 adnotatione
520 2126 652 2165 critica
674 2126 738 2165 hic
759 2127 837 2166 11110
857 2128 1039 2178 adpositi.

237 2190 520 2229 Aeternitatem
551 2192 624 2231 sibi
646 2192 910 2232 destinauerat
938 2195 1139 2233 Phaedrus
1163 2206 1232 2232 seu
1260 2193 1449 2237 Phaeder,
1471 2200 1513 2231 ut

182 2253 232 2291 ab
250 2255 411 2293 Haueto
434 2264 607 2303 uocatur,
625 2266 662 2296 et
677 2259 901 2297 mehercule
916 2260 1126 2297 adsecutus
1143 2267 1211 2305 est,
1229 2257 1364 2297 nescio
1379 2265 1510 2296 tamen

183 2332 261 2368 quo
283 2328 410 2369 pacto,
428 2321 537 2360 cuius
560 2324 609 2361 de
630 2323 813 2362 laudibus
835 2325 941 2374 apud
965 2324 1119 2363 Latium
1143 2338 1255 2363 suum
1279 2323 1340 2375 (II
1362 2323 1449 2374 epil.
1469 2318 1510 2375 8)

837 2403 858 2426 x
