1747 2745
563 453 1040 509 PRAEFATIO

187 617 251 655 VT
267 624 355 668 post
371 616 594 657 Bentleium
609 618 829 667 Anglorum
852 617 999 668 primus
1012 631 1217 658 recensere
1239 620 1462 659 Phaedrum

134 681 389 730 instituerem,
424 682 644 721 commouit
670 695 732 721 me
762 695 854 721 cum
885 682 950 722 illa
980 696 1070 734 erga
1101 684 1227 722 uirum
1264 698 1461 724 summum

133 746 258 798 pietas
284 759 330 786 ac
357 747 573 786 reuerentia
601 760 679 797 qua
704 755 882 786 mortuus
910 761 1071 798 quoque
1098 762 1189 788 suos
1217 749 1334 788 etiam
1360 763 1465 788 nunc

133 813 308 863 quodam
359 813 480 852 modo
530 814 699 863 collegas
747 813 799 852 ad
847 812 983 852 similis
1029 815 1165 853 laudes
1215 814 1375 853 incitare
1426 823 1463 854 et

134 878 254 917 debet
282 891 355 918 nos
385 886 423 916 et
450 879 559 925 solet,
590 886 673 917 tum
703 877 839 918 nescio
871 880 980 929 quod
1010 879 1154 929 patriae
1187 893 1279 920 suae
1306 880 1465 920 fauendi

134 956 184 983 ne
216 945 292 983 hoc
330 943 492 994 quidem
525 944 683 982 saeculo
715 944 939 983 obsoletum
976 944 1162 992 studium,
1194 958 1243 984 ne
1278 945 1378 984 inter
1408 953 1465 984 tot

133 1018 345 1061 tantosque
393 1011 634 1049 Batauorum
682 1010 887 1049 Gallorum
937 1011 1224 1050 Germanorum
1275 1012 1464 1050 Italorum

135 1077 300 1116 sudores
322 1076 553 1114 nostratium
572 1075 736 1115 omnino
759 1075 1045 1115 desideraretur
1063 1076 1263 1116 industria.
1305 1077 1464 1116 accede-

134 1141 200 1180 bat
230 1139 347 1180 etiam
379 1141 575 1191 quaedam
604 1140 779 1180 Gualteri
810 1142 856 1181 G.
887 1143 1098 1189 Headlam,
1123 1142 1193 1180 uiri
1227 1150 1267 1181 ut
1292 1141 1463 1181 inlustris

135 1206 173 1245 in
205 1205 366 1246 Graecis
399 1205 451 1245 ita
489 1205 758 1245 dissimulatae
799 1206 837 1244 in
879 1206 1027 1245 Latinis
1064 1206 1198 1246 litteris
1237 1207 1462 1258 elegantiae,

134 1273 174 1310 in
203 1270 337 1310 animo
356 1277 493 1310 nostro
523 1270 598 1310 iani
624 1273 766 1310 multos
796 1284 921 1311 annos
953 1271 1158 1312 inhaerens
1187 1273 1237 1311 ad
1267 1285 1366 1323 opus
1389 1274 1464 1311 tale

133 1336 365 1377 cohortatio.

187 1401 340 1453 Scripta
360 1401 528 1441 Phaedri
561 1400 789 1441 curantibus
821 1414 894 1440 nec
924 1403 1046 1440 multa
1076 1409 1166 1441 sunt
1195 1401 1369 1442 subsidia
1390 1414 1463 1441 nec

135 1466 310 1507 bonitate
331 1466 508 1517 insignia.

190 1534 297 1572 Inter
344 1533 502 1573 codices
553 1533 740 1572 familiam
791 1531 899 1571 ducit
956 1531 1206 1580 Pithoeanus‚
1252 1534 1300 1580 P,
1344 1545 1463 1583 quem

136 1599 297 1636 nomine
328 1599 533 1648 repertoris
566 1598 624 1637 sui
659 1597 762 1637 Petri
797 1597 951 1636 Pithoei
982 1596 1209 1648 insignitum
1244 1598 1383 1637 eadem
1413 1599 1464 1636 de

134 1663 254 1713 stirpe
275 1663 456 1702 Marchio
478 1665 520 1702 L.
546 1665 596 1703 de
618 1663 864 1703 Rosanbone
889 1661 1061 1700 insomni
1088 1675 1180 1701 cura
1209 1663 1317 1702 domi
1338 1670 1465 1702 custo-

135 1726 204 1775 dit,
238 1727 508 1768 Phaedrianus
542 1731 703 1780 quidam
737 1728 847 1780 quasi
892 1729 1012 1766 draco
1049 1725 1138 1780 (IV.
1179 1728 1244 1778 xx)
1284 1729 1464 1767 Phaedro

135 1800 338 1843 tamquam
369 1794 581 1833 thensauro
606 1795 809 1841 incubans,
842 1807 891 1833 ne
919 1795 1018 1832 forte
1042 1793 1166 1832 oculis
1191 1800 1349 1832 tactuue
1375 1794 1465 1832 doc-

135 1865 265 1897 torum
304 1858 483 1898 uioletur.
556 1861 662 1899 hunc
701 1860 881 1900 codicem
927 1858 1134 1909 descripsit
1182 1866 1231 1906 et,
1273 1866 1463 1908 quantum

135 1922 298 1974 quidem
328 1924 549 1964 coniectare
579 1925 680 1972 licet,
704 1925 795 1964 satis
823 1932 1004 1964 accurate
1037 1924 1170 1964 Vlixes
1199 1924 1398 1963 Robertus
1425 1925 1464 1962 in

136 1988 236 2028 libro
256 2001 292 2028 a.
317 1991 416 2039 1893
439 1990 558 2038 edito,
582 2003 662 2041 quo
691 2003 736 2029 ex
758 1990 857 2030 libro
888 2003 993 2029 nunc
1016 1990 1164 2041 pendet
1186 1989 1363 2029 omnium
1385 1996 1466 2028 tota

136 2052 220 2092 eius
240 2053 390 2094 notitia.
901 2093 904 2097 .

191 2118 273 2168 Qui
302 2119 418 2159 huius
446 2121 635 2171 gemellus
666 2127 746 2159 erat
775 2119 908 2159 Sancti
949 2119 1118 2171 Remigii
1152 2118 1372 2166 Remensis,
1413 2121 1463 2167 R,

138 2185 215 2223 iarn
236 2185 323 2234 plus
340 2185 532 2225 CXXXX
552 2185 665 2225 annis
686 2184 872 2224 incendio
887 2185 1131 2236 absumptus,
1149 2198 1254 2224 nunc
1277 2197 1345 2236 per
1365 2184 1466 2224 testi-

139 2249 272 2288 monia
302 2249 457 2290 Nicolai
488 2251 657 2302 Rigault,
691 2250 920 2302 Marquardi
950 2252 1079 2298 Gude,
1102 2250 1280 2302 Dionysii
1314 2252 1463 2298 Roche,

140 2313 277 2354 Iacobi
315 2314 473 2356 Claudii
506 2316 678 2356 Vincent
717 2323 871 2355 tantum
911 2316 1170 2368 cognoscitur.
1228 2318 1325 2357 haec
1364 2319 1464 2356 testi-

786 2396 825 2420 m
1351 2396 1372 2421 a
1392 2397 1409 2421 2
