1747 2745
145 150 400 189 PHAEDRI
436 152 499 189 FA
508 153 652 189 BVLA
660 154 781 190 RVM

144 261 290 311 inpune
320 260 434 308 laedi,
466 262 640 300 calcibus
671 264 840 302 frontem
871 264 1031 303 extudit.

141 334 178 365 at
209 326 273 365 ille
302 325 502 376 exspirans
535 327 685 365 ‘Fortis
715 327 876 378 indigne
907 328 976 366 tuli
1439 345 1477 367 10

141 390 237 429 mihi
268 390 476 429 insultare:
518 400 566 439 te,
600 394 775 432 Naturae
805 394 990 440 dedecus,

141 456 249 507 quod
281 457 377 495 ferre
406 464 511 495 certe
542 470 661 507 cogor
691 457 752 496 bis
782 459 922 497 uideor
952 458 1051 498 mori
1065 459 1086 499 '.

682 598 807 635 XXII

514 684 731 717 MVSTELA
759 685 817 716 ET
841 685 983 718 HOMO

197 761 400 798 MVSTELA
428 759 479 798 ab
509 759 672 799 homine
702 773 854 811 prensa,
887 774 978 800 cum
1009 761 1220 801 instantem
1249 775 1387 802 necem

141 825 309 875 effugere
341 826 471 872 uellet,
506 826 661 871 ‘Parce‚
693 837 842 875 quaeso
857 827 875 871 ',
908 825 1035 876 inquit
1068 826 1196 874 ‘mihi,

141 903 242 940 quae
272 889 341 928 tibi
376 890 550 928 molestis
581 888 759 927 muribus
790 902 914 940 purgo
944 891 1108 929 domum
1124 893 1141 930 ².

141 954 342 1006 respondit
374 954 438 994 ille
470 955 659 993 ‘Faceres
691 954 721 992 si
753 968 872 993 causa
902 969 1001 1004 mea,

141 1028 292 1070 gratum
323 1028 424 1059 esset
456 1028 493 1059 et
523 1021 723 1059 dedissem
756 1020 914 1059 ueniam
945 1022 1123 1074 supplici.
1457 1038 1472 1068 5

142 1098 247 1124 nunc
276 1086 368 1135 quia
399 1085 552 1124 laboras
583 1092 625 1123 ut
658 1085 795 1124 fruaris
825 1086 1009 1137 reliquiis,

142 1163 239 1200 quas
268 1157 359 1188 sunt
389 1151 521 1197 rosuri‚
558 1149 673 1188 simul
704 1158 742 1189 et
772 1152 878 1202 ipsos
908 1153 1086 1200 deuores,

142 1215 222 1255 noli
253 1215 445 1266 imputare
476 1228 624 1254 uanum
656 1216 896 1255 beneficium
927 1217 1022 1256 mihi
1037 1218 1056 1256 '.

141 1288 260 1331 atque
291 1281 344 1318 ita
371 1280 526 1318 locutus
559 1279 781 1331 improbam
812 1283 892 1320 leto
921 1282 1044 1321 dedit.

198 1347 292 1385 Hoc
321 1346 360 1383 in
392 1358 433 1384 se
463 1346 615 1384 dictum
647 1347 795 1386 debent
827 1346 881 1386 illi
911 1360 1133 1398 agnoscere,
1442 1363 1479 1385 10

143 1424 310 1462 quorum
343 1409 494 1460 priuata
525 1410 643 1450 seruit
674 1412 820 1450 utilitas
851 1411 937 1460 sibi,

143 1485 181 1517 et
212 1475 394 1515 meritum
426 1477 542 1516 inane
572 1476 719 1517 iactant
750 1477 1064 1529 inprudentibus.

577 1618 725 1655 XXIII

474 1701 616 1734 CANIS
643 1702 828 1735 FIDELIS

201 1781 406 1819 REPENTE
437 1779 607 1819 liberalis
637 1780 763 1819 stultis
792 1787 924 1831 gratus
955 1789 1023 1828 est,

146 1861 282 1887 uerum
314 1848 447 1899 peritis
477 1846 613 1885 inritos
644 1845 771 1886 tendit
802 1847 927 1885 dolos.

191 1962 230 1983 10
253 1952 358 1983 fortes
372 1951 404 1982 P
492 1951 550 1982 tuli
566 1950 616 1980 P:
641 1950 714 1981 sero
729 1950 762 1980 D
775 1950 850 1992 (qui
860 1950 911 1981 luc
921 1949 1037 1991 deficit)
1050 1950 1099 1982 ad
1110 1950 1217 1982 ferum
1231 1962 1265 1983 n.
1279 1952 1300 1982 8
1312 1952 1478 1992 aberrans,

146 1995 279 2035 mirifice
300 1995 549 2035 Paraplzrastae
569 1995 665 2025 ‘cum
690 1998 783 2025 esset
807 1996 914 2024 uirtus
940 2004 1024 2033 mea,
1053 1995 1162 2025 honor
1185 1994 1255 2034 fuit,
1276 1995 1338 2026 fuit
1362 1996 1479 2026 timor'

146 2043 320 2079 tamquam
349 2038 516 2070 redderent
544 2037 642 2068 sortis
664 2038 697 2068 in
723 2037 825 2076 digno
851 2037 896 2067 sui
991 2037 1049 2067 12*
1072 2039 1175 2080 certe]
1202 2048 1306 2078 cogor
1329 2044 1420 2070 certe
1445 2039 1482 2070 de

148 2082 279 2113 Melus:
303 2082 448 2113 inertem
466 2081 625 2112 Burman
643 2093 649 2112 :
675 2091 720 2112 an
738 2091 843 2120 cogor
860 2086 953 2111 recte
966 2080 982 2111 :⁹

190 2125 304 2158 XXII.
329 2123 368 2157 H
387 2136 439 2165 23,
459 2123 524 2156 Th
541 2136 593 2166 49.
665 2136 684 2155 2
710 2135 811 2164 parce
829 2135 872 2164 qu
898 2125 1005 2164 inquit
1021 2124 1179 2165 Bentley:
1201 2136 1254 2165 qu.
1274 2126 1293 2155 i.
1313 2136 1414 2166 parce
1431 2126 1480 2156 P:

145 2180 198 2209 qu.
219 2179 319 2207 parce
336 2170 357 2202 i.
376 2169 535 2200 Burman
644 2181 662 2209 4
688 2169 819 2199 faceres
837 2179 856 2198 r
870 2167 1050 2208 Bongars:
1076 2168 1221 2199 facerem
1241 2168 1304 2199 PR
1404 2179 1423 2208 5
1448 2175 1481 2200 et

146 2213 221 2244 add.
236 2213 323 2245 Pith.
339 2225 403 2245 om.
422 2211 507 2253 PR‘,
527 2213 645 2245 habent
661 2212 729 2243 Ad.
748 2212 811 2244 Ro.
905 2223 921 2250 7
947 2222 1031 2251 quas
1043 2211 1112 2244 Ad.
1128 2211 1192 2243 Ro.
1206 2211 1458 2243 Ritterslzausen
1474 2224 1481 2243 :

145 2267 232 2296 quae
249 2257 282 2287 P
355 2257 466 2298 ipsos]
483 2262 572 2289 totas
591 2257 677 2290 Ad.:
705 2262 811 2287 totum
829 2255 892 2287 Ro.
913 2255 1011 2287 IVt’ss.
1095 2255 1178 2286 Post
1194 2256 1340 2287 deuores
1358 2256 1480 2289 Padd.

147 2301 199 2331 hic
216 2301 367 2341 intellige
386 2301 529 2333 soricem
547 2312 623 2333 esse
641 2302 780 2340 generis
797 2300 971 2331 masculini
1062 2301 1081 2330 8
1109 2300 1278 2340 imputare
1294 2300 1362 2331 Ad.
1379 2299 1478 2333 Pith..

145 2343 183 2383 cf.
203 2344 280 2375 nolo
299 2346 446 2385 imputes
464 2345 526 2377 Ro.
550 2345 668 2376 Wz'ss:
702 2355 754 2375 me
779 2350 895 2384 putare
920 2343 995 2374 PR'
1100 2343 1278 2375 benficium
1297 2343 1376 2383 Ad.‚
1398 2344 1483 2375 unde

145 2388 324 2420 benficium
345 2389 485 2419 Mueller

192 2431 322 2464 XXIII,
351 2429 388 2463 H
406 2443 456 2471 24,
478 2428 542 2463 Th
559 2444 610 2472 29.
704 2444 723 2465 ε
748 2433 855 2464 tendit
873 2431 982 2464 Pstlz.:
1009 2432 1159 2463 ostendit
1176 2431 1239 2463 PR
