1747 2745
847 155 1014 192 LIBER
1049 157 1256 194 PRIMVS
1290 158 1457 195 Iv-Vll

129 259 168 297 hi
198 271 288 298 cum
320 260 516 310 cepissent
545 273 705 300 ceruum
737 262 835 300 uasti
866 263 1049 314 corporis,
1440 283 1458 314 5

127 322 185 362 sic
213 332 271 363 est
303 325 456 364 locutus
485 325 660 376 partibus
691 327 800 364 sactis
831 328 916 365 leo:

130 389 242 439 ‘Ego
271 390 436 440 primam
468 391 565 429 tollo
594 391 756 430 nomine
786 393 862 430 hoc
892 392 984 442 quia
1014 407 1078 433 rex
1107 395 1222 444 clu03

129 454 357 502 secundam,
389 454 482 504 quia
512 468 598 493 sum
629 468 802 502 consors,
835 456 1012 496 tribuetis
1044 457 1163 506 mihi,-

128 525 224 565 tum,
256 517 348 567 quia
377 520 465 568 plus
495 521 619 566 ualeo,
654 533 716 558 me
746 528 930 570 sequetur
959 521 1095 569 tertia;

128 582 234 620 malo
261 582 468 622 adficietur
498 583 527 622 si
559 585 647 634 quis
678 592 855 634 quartam
888 587 1053 635 tetigerit
1068 588 1086 624 ’.
1421 605 1459 627 10

127 646 184 686 sic
212 654 336 686 totam
366 650 554 699 praedam
585 650 669 688 sola
698 648 928 699 improbitas
957 649 1130 689 abstulit.

665 741 724 779 VI

478 809 641 842 RANAE
665 811 729 842 AD
757 811 912 843 SOLEM

182 865 325 904 V1c1N1
358 865 450 904 suris
481 867 656 906 celebres
687 867 786 907 uidit
816 867 972 918 nuptias

128 930 321 981 Aesopus,
353 938 391 970 et
420 932 613 971 continuo
643 945 798 972 narrare
827 933 964 983 incipit

535 1006 556 1023 ἦ·
612 1004 632 1021 ἥ

181 1050 342 1077 uxorem
372 1040 576 1089 quondam
607 1041 673 1079 Sol
704 1053 793 1079 cum
826 1042 944 1080 uellet
973 1042 1128 1089 ducere,

128 1103 340 1143 clamorem
371 1117 487 1143 ranae
517 1107 707 1144 sustulere
736 1107 787 1144 ad
817 1107 955 1145 sidera.

127 1168 313 1209 conuicio
342 1178 543 1220 permotus
573 1172 724 1221 quaerit
756 1171 933 1222 Iuppiter
1437 1189 1455 1221 5

127 1246 285 1273 causam
318 1237 524 1285 querellae.
584 1237 780 1286 quaedam
812 1245 895 1275 tum
926 1237 1050 1288 stagni
1081 1237 1208 1277 incola

128 1300 292 1338 ‘Nunc'
323 1299 448 1350 inquit
482 1303 642 1340 ‘omnes
673 1315 774 1340 unus
803 1302 926 1341 exurit
956 1303 1074 1350 lacus,

126 1364 311 1414 cogitque
342 1365 500 1404 miseras
530 1367 639 1405 arida
669 1367 762 1405 sede
793 1369 926 1406 emori.

125 1429 316 1479 quidnam
348 1431 519 1468 futurum
551 1438 608 1469 est
639 1431 669 1469 si
699 1432 836 1471 crearit
866 1433 1060 1472 liberos?'

638 1519 721 1557 VII

270 1587 435 1620 VVLP1S
460 1587 525 1618 AD
550 1582 809 1620 PERSONAM
836 1588 1083 1620 TRAGICAM

182 1650 417 1687 PERSONAM
447 1650 631 1700 tragicam
664 1650 761 1688 forte
792 1651 930 1700 uulpes
960 1649 1132 1689 uiderat:

128 1727 244 1763 quam
256 1719 463 1764 postquam
485 1715 557 1752 huc
573 1714 665 1752 illuc
682 1716 796 1752 semel
810 1719 920 1763 atque
939 1715 1074 1752 iterum
1096 1719 1271 1761 uerterat,
1398 1728 1411 1752 1
1430 1714 1455 1752 b

173 1806 192 1835 5
218 1796 388 1836 cepissent
405 1795 473 1827 Ad.
493 1806 500 1826 ε
525 1806 621 1836 coep.
641 1795 673 1826 P
788 1795 824 1834 7*
849 1795 985 1826 nomine
1003 1795 1064 1826 hoc
1080 1794 1232 1835 Bentley:
1259 1794 1411 1825 nominor
1427 1793 1458 1823 P

128 1839 208 1878 quia
232 1850 293 1870 rex
315 1839 446 1870 Havet:
472 1850 532 1870 rex
555 1840 633 1879 quia
660 1838 772 1870 Gude:
798 1849 858 1869 rex
882 1849 948 1869 om.
972 1838 1005 1868 P
1090 1838 1164 1869 cluo
1188 1838 1317 1878 smpsi:
1349 1837 1403 1868 leo
1428 1837 1460 1867 P

128 1882 168 1912 8*
194 1892 338 1914 consors
357 1882 456 1914 Gow:
480 1883 591 1915 socius
613 1882 752 1921 Withof:
778 1882 874 1913 sortis
890 1881 989 1913 PAd.
1010 1882 1073 1912 Ro.
1096 1880 1190 1911 lViss.
1317 1881 1356 1920 9*
1380 1881 1456 1920 plus

128 1925 224 1957 ualeo
241 1925 341 1957 PAd.
364 1925 459 1957 Wr'ss.
476 1936 483 1956 :
509 1926 583 1966 plus
600 1926 695 1957 uobis
712 1927 844 1957 cucurri
862 1924 937 1963 Ro„
958 1936 996 1956 ex
1013 1925 1098 1955 uado
1114 1925 1167 1955 uel
1180 1923 1279 1954 uelox
1296 1927 1404 1954 ortum

171 1969 229 2001 VI.
255 1966 295 2000 H
312 1980 341 2008 7,
362 1966 426 2000 Th
447 1981 496 2001 10.
591 1980 604 2000 1
634 1969 743 2000 Vicini
761 1969 807 2000 P:
834 1969 961 2000 vicinis
974 1968 1091 2006 Havet,
1111 1968 1146 2007 cs.
1162 1967 1270 1997 Vicini
1288 1968 1344 2006 qui
1362 1972 1457 1998 erant

127 2012 210 2044 suris
252 2013 345 2053 (suri,
379 2013 458 2053 uiri)
498 2014 756 2053 frequentabant
788 2014 895 2052 stare)
931 2012 1010 2052 (illi)
1045 2011 1179 2051 nuptias
1217 2011 1458 2051 Par-aphrastae

126 2056 168 2087 2*
177 2056 210 2087 A
215 2056 321 2097 liquid
324 2057 423 2098 periit
434 2058 443 2086 (
450 2061 487 2088 ut
495 2057 690 2087 Hat‘lmano
700 2067 827 2096 quoque
838 2056 979 2095 uidetur)
990 2068 1003 2084 s
1009 2056 1022 2085 i
1029 2055 1161 2094 Pamph
1166 2055 1261 2084 rastis
1261 2054 1357 2094 fidcs,
1370 2055 1458 2085 uelut

361 2112 511 2143 conuiuis
536 2112 769 2142 interueniens
793 2113 892 2143 talem
918 2111 1071 2142 fabulam.

361 2155 453 2186 ‘Vos
478 2161 591 2186 uestra
616 2156 728 2186 audite
756 2166 840 2194 quac
865 2155 950 2186 sint'
977 2156 1081 2194 inquit
1109 2151 1269 2193 ‘gaudia’

128 2209 150 2240 8
173 2209 266 2249 cogit
285 2208 384 2241 Wiss.
398 2208 487 2242 Pr‘th.
504 2221 511 2240 ε
537 2214 585 2240 -et
599 2208 673 2239 PR'
741 2219 762 2248 9
787 2210 908 2240 crearit
920 2209 1007 2240 Pith.
1023 2219 1031 2239 ι
1055 2209 1178 2239 -auerit
1192 2206 1435 2247 paraphrastae
1449 2217 1456 2237 :

129 2257 218 2284 -aret
232 2251 308 2283 PR'

173 2295 254 2328 Vll.
278 2292 317 2326 H
334 2296 366 2332 8,
384 2292 447 2326 Th
463 2306 515 2335 44.
636 2295 671 2325 1*
695 2296 846 2334 tragoedi
865 2295 1106 2335 paraphrastae
1210 2295 1329 2334 uulpes
1345 2292 1432 2324 Pith.
1450 2303 1456 2323 :

130 2340 243 2380 uulpis
264 2338 299 2371 P
317 2343 353 2370 ut
373 2339 471 2370 alibi:
496 2340 595 2379 lupus
615 2338 677 2370 Ro.
701 2339 809 2377 Wiss„
830 2339 915 2370 idem
939 2340 971 2369 in
994 2350 1074 2377 agro
1101 2338 1145 2373 (in
1169 2348 1237 2377 agr.
1255 2349 1320 2369 om.
1345 2335 1455 2375 Ivl'iss.)

131 2383 264 2414 inuenit
278 2382 412 2414 alterius
421 2383 562 2414 lectionis
575 2383 675 2422 lupus
694 2383 723 2413 in
739 2393 821 2420 agro
838 2383 1017 2413 inuenerat
1032 2382 1181 2422 reliquias
1253 2391 1264 2411 x
1279 2382 1299 2411 b
1325 2391 1457 2411 tursum

130 2428 298 2458 amissum
326 2437 365 2457 ex
391 2425 698 2466 Paraplzrastarmn
725 2426 850 2456 1'11d1'c1'1's
878 2435 974 2465 quam
1005 2426 1109 2456 semel
1142 2431 1173 2455 et
1204 2425 1322 2454 iterum
1357 2424 1458 2455 uertit

133 2468 303 2509 (uel-sans)
330 2468 404 2507 Ra,
426 2470 503 2500 dum
523 2469 666 2508 gir-asset
685 2469 740 2500 illa
758 2475 791 2500 et
809 2469 988 2507 regii-asset
1013 2467 1119 2506 Wiss„
1140 2467 1289 2507 supplens
