1747 2745
209 150 469 188 PHAEDRI
504 151 850 187 FABVLARVM

748 294 806 330 IV

382 386 556 419 ASINVS
581 387 638 418 ET
666 387 899 420 PORCELLI
927 387 1172 418 HORDEVM

262 473 450 521 QVIDAM‚
484 471 727 511 immolasset
758 485 911 511 uerrem
942 486 1032 510 eum
1064 483 1199 511 sancto
1233 475 1406 520 Herculi,

206 538 267 576 cui
298 550 369 587 pro
399 537 523 575 salute
554 544 691 575 uotum
723 537 896 576 debebat
927 551 1006 584 sua,

205 602 326 640 asello
357 600 467 640 iussit
498 601 681 651 reliquias
711 603 804 651 poni
837 602 985 640 hordei.

206 680 303 717 quas
332 674 563 717 aspernatus
593 666 657 705 ille
688 668 742 705 sic
772 668 926 705 locutus
956 676 1038 706 est:

208 731 418 771 ‘Libenter
447 731 565 770 istum
597 745 754 782 prorsus
784 733 1011 782 adpeterem
1041 733 1190 780 cibum,

206 798 278 836 nisi
309 796 376 848 qui
407 796 575 836 nutritus
606 797 673 835 illo
703 805 762 836 est
794 799 989 848 iugulatus
1020 799 1150 836 foret’.

261 861 393 901 Huius
423 870 604 913 respectu
635 862 791 901 fabulae
821 861 1038 910 deterritus,

205 927 469 978 periculosum
502 941 656 979 semper
686 927 807 966 uitaui
839 929 1000 966 lucrum.

205 994 274 1032 sed
305 993 403 1032 dicis
437 994 539 1041 ‘Qui
571 1006 734 1043 rapuere
763 992 933 1040 diuitias,
966 992 1113 1032 habent
1129 994 1147 1031 ·“.

205 1073 457 1098 numeremus
486 1059 656 1109 agedum
689 1058 755 1108 qui
787 1058 967 1109 deprensi
999 1058 1221 1108 perierunt,¹
1504 1075 1541 1097 ιο

206 1124 394 1163 maiorem
424 1124 579 1162 turbam
612 1123 840 1174 punitorum
873 1124 1050 1174 reperies

205 1188 338 1239 paucis
370 1188 567 1228 temeritas
599 1197 656 1227 est
689 1189 807 1235 bono,
842 1190 974 1226 multis
1005 1190 1119 1227 malo.

745 1345 779 1379 γ

496 1438 686 1470 SCVRRA
713 1437 779 1467 ET
801 1437 1031 1470 RVSTICVS

258 1528 406 1565 PRONo
437 1527 569 1564 fauore
599 1525 678 1562 labi
710 1525 894 1562 mortales
925 1525 1065 1572 solent,

202 1600 251 1638 et,
284 1591 525 1642 praeiudicio
555 1592 651 1630 dum
683 1597 786 1628 stant
818 1588 955 1628 erroris
986 1588 1057 1637 sui,

201 1658 251 1695 ad
282 1657 565 1707 paenitendum
596 1655 713 1695 rebus
746 1654 963 1694 manifestis
993 1656 1064 1706 agi.

256 1723 445 1761 Facturus
476 1723 591 1761 ludos
622 1721 734 1760 diues
766 1720 929 1770 quidam
961 1720 1104 1759 nobilis

201 1787 404 1838 proposito
434 1795 598 1826 cunctos
629 1786 812 1825 inuitauit
844 1785 1028 1836 praemio,

201 1867 319 1904 quam
350 1853 517 1904 quisque
547 1861 680 1904 posset
711 1860 753 1891 ut
785 1851 1002 1891 nouitatem
1034 1854 1267 1893 ostenderet.

246 1957 301 1989 IV.
327 1954 367 1988 H
382 1968 435 1997 94.
534 1957 665 1990 thnlus
676 1959 709 1990 in
726 1959 800 1990 PR'
813 1970 907 1992 Asmx
922 1969 963 1991 ET
981 1969 1152 1991 peneum
1168 1971 1174 1999 ;
1194 1959 1264 1991 dedu
1280 1958 1372 1999 quod
1385 1959 1538 1991 Havems

201 1999 338 2031 dederat.
377 2000 488 2032 Habet
496 2001 648 2033 Perottus
658 2014 732 2034 cum
746 2004 839 2035 titulo
852 2014 1035 2035 VlTANDVM
1051 2014 1186 2035 sEMPER
1203 2013 1281 2035 ESSE
1295 2012 1536 2034 PERICVLOSVM

203 2054 342 2075 chnvm
474 2055 487 2076 1
514 2056 588 2076 cum
608 2046 818 2079 immolasset
840 2059 971 2080 uerrem
989 2048 1059 2079 NV
1179 2058 1198 2078 2
1222 2047 1274 2079 cui
1291 2046 1376 2078 NV:
1397 2047 1455 2086 qui
1473 2047 1537 2078 PR

201 2098 221 2127 3
245 2088 402 2128 reliquias
414 2088 494 2121 PV:
516 2090 689 2130 relliquias
702 2091 785 2122 R‘N
862 2103 880 2131 5
908 2093 1006 2123 istum
1019 2092 1100 2123 NV:
1123 2097 1213 2123 tuum
1226 2091 1290 2123 PR
1363 2101 1447 2131 7—12
1470 2102 1535 2123 om.

202 2132 363 2170 Perottus,
381 2131 441 2163 sed
461 2133 498 2173 cs:
521 2135 567 2165 tit.
662 2135 702 2176 9*
730 2136 823 2167 dices
843 2136 1003 2167 Heinsius
1080 2137 1207 2167 latuere
1225 2134 1358 2176 Bentley
1433 2135 1538 2168 latent

207 2175 384 2215 PVakefield
474 2189 512 2208 12
536 2183 588 2209 est
607 2179 696 2210 bono
714 2179 823 2211 Pitlz.:
850 2180 938 2210 bono
958 2184 1010 2210 est
1027 2179 1100 2210 PR‘

245 2219 283 2249 V.
308 2216 347 2249 H
364 2230 417 2259 95.
495 2221 605 2253 Habet
620 2222 772 2253 Perottus
788 2233 862 2253 cum
881 2222 972 2254 titulo
989 2233 1106 2254 PRAVO
1125 2233 1264 2254 rAvonE
1280 2232 1538 2254 SAEPENVnOERO

202 2273 360 2294 HOMINES
379 2274 459 2296 LAssr
566 2277 627 2304 1-3
652 2276 718 2297 om.
738 2266 892 2297 Perottus
991 2277 1004 2297 1
1032 2266 1140 2297 Prauo
1156 2266 1227 2297 NV
1237 2267 1270 2297 in
1289 2266 1402 2297 ritulo:
1428 2265 1537 2298 Par-uo

203 2306 266 2336 PR
363 2309 428 2338 labi
447 2308 517 2339 NV
528 2310 562 2340 in
582 2309 693 2340 titulo:
719 2308 785 2340 lani
805 2310 870 2340 PR
967 2320 986 2339 2
1011 2310 1217 2348 praeiudicio
1234 2310 1450 2342 Salmasius:
1476 2321 1536 2349 pro

204 2351 326 2382 iudicio
344 2351 409 2382 PR
511 2364 529 2391 4
556 2353 650 2383 diues
668 2353 803 2392 quidam
821 2352 908 2383 NV:
933 2353 1068 2393 quidam
1087 2354 1181 2384 diues
1198 2353 1261 2384 PR
1363 2357 1397 2384 et
1414 2353 1536 2385 nobilis

203 2394 276 2433 NV,
303 2395 402 2426 ludos
417 2395 541 2427 nobilis
560 2406 625 2426 non
644 2396 796 2427 intellecto
907 2398 927 2427 6
951 2397 1058 2436 possit
1076 2397 1140 2427 PR
1237 2397 1432 2428 ostenderet
1451 2397 1537 2429 PR:

205 2440 331 2471 faceret
347 2438 415 2469 NV
