1747 2745
219 161 727 199 PHAEDRIANARVM
762 160 1106 198 FABVLARVM

219 269 359 321 quodsi
390 269 577 320 perfidiae
608 282 649 307 se
679 267 940 307 commisisset
970 268 1062 318 lupi,

220 345 304 371 sero
334 333 471 370 dolore
501 333 579 370 fata
608 333 791 370 deflesset
821 344 901 369 sua.

720 532 865 568 XVIII

395 633 617 665 AESOPI'S
642 633 709 663 ET
728 632 916 664 SERVVS
940 633 1191 663 PROFVGVS

483 726 555 756 Non
577 736 652 756 esse
672 726 757 756 malo
775 725 967 756 addendum
984 724 1105 754 malum

275 818 434 857 SEvas
464 819 690 869 profugiens
720 817 928 857 dominum
957 823 1120 856 naturae
1147 831 1319 867 asperae,

221 886 379 935 Aesopo
408 885 587 933 occurrit,
620 893 738 924 notus
767 899 790 924 e
818 883 973 923 uicinia.

221 949 356 999 ‘Quid
387 958 428 988 tu
458 952 699 990 confusus?'
759 949 924 988 ‘Dicam
954 947 1026 987 tibi
1056 949 1168 995 clare,
1200 957 1319 999 pater,

221 1016 314 1064 (hoc
344 1029 515 1066 namque
544 1030 586 1055 es
617 1016 758 1067 dignus
787 1013 973 1066 appellari
1003 1013 1194 1065 nomine),

221 1088 306 1120 tuto
335 1082 508 1132 querella
536 1081 629 1132 quia
657 1082 765 1132 apud
794 1088 833 1120 te
861 1079 1081 1130 deponitur.
1536 1096 1553 1128 5

221 1147 357 1197 plagae
388 1155 607 1197 supersunt,
641 1148 784 1186 desunt
815 1144 910 1183 mihi
939 1143 1095 1183 cibaria.

221 1212 390 1251 subinde
418 1213 469 1251 ad
498 1212 633 1251 uillam
664 1211 797 1250 mittor
825 1209 909 1248 sine
939 1208 1094 1248 uiatico.

221 1276 331 1317 domi
360 1276 391 1315 si
420 1285 546 1324 cenat,
580 1278 671 1315 totis
701 1284 832 1326 persto
862 1274 1070 1323 noctibus3

221 1342 304 1382 siue
333 1350 391 1381 est
420 1350 594 1389 uocatus,
628 1342 737 1381 iaceo
766 1342 817 1380 ad
847 1341 976 1379 lucem
1005 1339 1045 1377 in
1075 1340 1224 1378 semita.

220 1407 369 1447 emerui
399 1408 629 1456 libertatem,
662 1421 783 1446 canus
813 1406 951 1445 Seruio.
1517 1419 1554 1441 10

220 1472 336 1512 ullius
365 1486 492 1512 essem
523 1475 662 1524 culpae
692 1471 789 1510 mibi
819 1472 850 1510 si
879 1470 1072 1519 conscius,

220 1551 348 1589 aequo
377 1539 510 1577 animo
541 1539 690 1577 ferrem.
750 1550 970 1587 numquam
1000 1549 1086 1574 sum
1119 1537 1242 1573 factus
1273 1542 1388 1582 satur,

222 1610 259 1642 et
290 1616 405 1654 super
435 1602 567 1642 infelix
597 1616 759 1642 saeuum
789 1601 916 1654 patior
944 1601 1177 1640 dominium.

222 1669 290 1707 has
322 1676 478 1719 propter
508 1682 644 1707 causas
675 1676 713 1707 et
743 1680 841 1719 quas
870 1667 1034 1717 longum
1063 1673 1121 1705 est
1150 1678 1329 1717 promere

219 1734 326 1773 abire
356 1733 550 1773 destinaui
580 1747 660 1784 quo
692 1734 850 1772 tulerint
879 1732 1012 1783 pedes.
1520 1745 1553 1776 ¹5

223 1800 372 1850 ‘Ergo’
402 1799 527 1850 inquit
560 1799 685 1838 ‘audi
741 1812 832 1838 cum
862 1798 954 1837 mali
984 1797 1038 1836 nil
1067 1797 1215 1843 feceris,

221 1866 318 1904 haee
348 1864 541 1915 experiris,
574 1872 616 1903 ut
646 1866 775 1912 refers,
808 1864 1111 1903 incommodar

220 1929 315 1980 quid
345 1929 376 1968 si
405 1931 608 1980 peccaris?
648 1937 818 1983 quae-te
847 1941 1051 1980 passurum
1081 1928 1247 1979 putas?’

220 1996 285 2035 tali
315 1995 479 2035 consilio
509 2003 567 2035 est
599 2010 622 2034 a
651 1997 741 2046 fuga
771 1993 988 2034 deterritus.

265 2110 282 2139 7
307 2110 391 2139 quae
413 2100 441 2130 si
464 2099 526 2131 Ro.
543 2100 690 2138 sortasse
714 2104 798 2138 rccte,
816 2101 853 2140 cf.
877 2100 934 2139 qui
957 2100 985 2130 si
1014 2098 1109 2131 Wiss.
1261 2097 1301 2128 8*
1325 2098 1437 2129 ztcrsm‘
1457 2107 1557 2138 neque

221 2142 452 2174 enarrantibus
474 2154 575 2182 mque
604 2143 853 2174 emendantibus
869 2143 1009 2184 propilio
1030 2142 1144 2183 quoad
1160 2143 1259 2183 potui
1276 2141 1458 2182 opitulatus
1477 2152 1555 2171 sum

220 2197 295 2217 sero
312 2191 374 2227 pro
396 2186 467 2225 pari
489 2186 561 2216 NV
583 2187 774 2227 reponendo,
798 2187 1030 2218 infelicissime
1051 2191 1187 2226 pareret
1214 2185 1267 2215 uel
1291 2184 1480 2225 peperisset
1505 2185 1558 2215 uel

221 2230 345 2269 periret
362 2229 424 2262 Ro.
450 2229 543 2261 Wiss.

263 2272 378 2304 XVIII
398 2273 508 2315 (XX).
538 2271 577 2305 H
599 2284 668 2313 123.
793 2285 819 2314 1,
841 2285 859 2304 2
885 2275 969 2305 inter
981 2285 1015 2304 se
1030 2272 1232 2314 transposuit
1245 2272 1372 2310 Nauck,
1391 2272 1494 2303 nescio
1508 2283 1554 2303 an

221 2321 298 2348 recte
432 2328 451 2357 5
478 2317 613 2357 querela
637 2318 715 2356 quia
742 2319 833 2357 apud
856 2322 889 2348 te
907 2318 1073 2355 sanuelli:
1100 2318 1178 2356 quia
1200 2327 1253 2354 ap.
1279 2321 1312 2347 te
1335 2316 1470 2356 querela
1489 2314 1561 2345 NV

220 2370 241 2400 9
265 2366 316 2392 est
331 2361 470 2393 Cassitto
487 2373 493 2390 :
515 2365 588 2391 estu
606 2360 652 2391 V:
671 2360 814 2391 aestuN
879 2361 970 2391 iaceo
981 2360 1076 2391 Mai:
1099 2360 1183 2390 iacio
1200 2359 1230 2389 V
1307 2368 1345 2397 13
1370 2358 1553 2389 dominium

223 2404 339 2436 Orelli:
365 2405 538 2435 dominum
553 2403 623 2434 NV
712 2414 749 2441 14
775 2414 942 2443 promere,
960 2403 1012 2432 uel
1025 2402 1358 2443 proderqsanncllt':
1384 2411 1444 2442 pro
1463 2425 1470 2433 .
1491 2426 1497 2433 .
1516 2425 1523 2433 .
1544 2425 1552 2434 .

220 2447 270 2480 N:
299 2459 362 2479 om.
387 2448 418 2478 V
509 2449 546 2477 16
573 2447 617 2477 nil
634 2446 802 2484 samzelli:
829 2446 909 2476 nihil
928 2447 996 2476 NV
