1747 2745
907 161 1072 197 LIBER
1105 162 1345 199 TERTIVS
1380 163 1467 199 1-11

141 265 309 303 antehac
340 264 466 310 fuisse,
500 266 594 304 tales
625 278 713 303 cuni
747 268 821 304 sint
854 267 1086 316 rcliqiiiness'

198 330 290 367 Hoc
319 342 399 379 quo
429 331 630 379 pertineat,
663 330 766 369 dicet
797 331 863 380 qui
897 345 957 370 inc
989 334 1151 371 nouerit.

631 501 671 538 II

340 592 529 624 PANTHE
537 593 598 624 RA
626 593 680 624 ET
709 594 857 625 PASTO
866 594 892 624 R
900 594 953 625 Es

143 682 279 720 SOLET
308 693 329 718 a
359 680 553 731 despectis
584 694 651 730 par
681 682 807 719 referri
840 681 970 731 gratia.

199 747 393 784 Panthera
423 745 637 796 inprudens
667 746 759 783 olim
792 746 829 783 in
863 747 1017 785 foueam
1049 747 1206 786 decidit.

79 817 91 831 ’
144 812 278 850 uidere
307 818 500 861 agrestes:
539 810 601 848 alii
634 812 754 850 fustes
784 820 1013 862 congerunt,

87 891 92 897 ²
143 876 207 915 alii
238 885 401 915 onerant
432 876 554 915 saxis:
595 877 755 926 quidam
789 885 923 915 contra
954 877 1125 925 miseriti,

144 941 336 993 periturae
366 941 524 992 quippe,
557 942 738 991 quamuis
769 944 919 981 nullum
950 944 1134 991 laederet,
1459 963 1476 993 5

146 1007 285 1047 misere
315 1020 459 1058 panem
489 1015 531 1046 ut
561 1007 769 1047 sustineret
799 1008 989 1059 spiritum.

144 1086 223 1112 nox
252 1073 430 1112 insecuta
458 1080 540 1112 est:
579 1073 727 1112 abeunt
757 1073 881 1112 securi
912 1075 1087 1123 domum,

145 1138 257 1190 quasi
287 1137 484 1177 inuenturi
514 1146 708 1177 mortuam
740 1138 937 1189 postridie.

144 1212 184 1243 at
212 1203 287 1252 illa,
321 1204 421 1242 uires
452 1211 494 1241 ut
523 1203 656 1242 refecit
687 1203 901 1254 languidas,

145 1268 273 1308 ueloci
303 1269 403 1307 saltu
432 1268 547 1307 fouea
577 1281 662 1307 sese
692 1268 839 1314 liberat,
1438 1285 1476 1307 10

145 1342 183 1373 et
213 1335 253 1372 in
282 1332 412 1371 cubile
442 1332 600 1371 concito
630 1341 812 1383 properat
842 1334 975 1383 gradu.

145 1398 280 1450 paucis
310 1397 450 1437 diebus
480 1397 719 1448 interpositis
750 1399 940 1447 prouolat,

146 1477 266 1514 pecus
296 1463 476 1510 trucidat,
507 1462 612 1513 ipsos
642 1470 818 1513 pastores
848 1471 970 1510 necat,

145 1536 184 1569 et
213 1537 356 1568 cuneta
385 1537 545 1567 uastans
576 1527 700 1566 saeuit
730 1527 827 1566 irato
857 1527 1016 1578 impetu.

146 1602 229 1633 turn
259 1594 333 1633 sibi
364 1594 547 1633 timentes
577 1592 645 1643 qui
675 1593 778 1632 ferae
807 1603 1061 1643 pepercerant
1442 1611 1475 1643 15

145 1660 336 1698 damnum
367 1659 461 1697 haut
491 1664 684 1704 recusant,
716 1666 868 1696 tantum
899 1671 970 1708 pro
1000 1660 1078 1697 uita
1108 1668 1254 1710 rogant.

145 1732 184 1762 at
214 1723 279 1762 illa
309 1723 499 1763 ‘Memini
531 1724 619 1774 quis
650 1736 714 1762 me
744 1736 837 1761 saxo
867 1724 1030 1774 petierit,

146 1788 233 1839 quis
262 1801 406 1839 panem
436 1788 612 1827 dederit:
654 1801 726 1826 uos
757 1787 893 1826 timere
922 1788 1119 1827 absistite:

146 1852 220 1892 illis
249 1861 421 1892 reuertor
450 1853 573 1892 hostis
603 1854 669 1903 qui
704 1866 766 1891 me
796 1854 990 1891 laeserunt
1006 1855 1023 1891 ⁵.

189 1959 211 1989 6
234 1960 370 1998 requiae
386 1960 473 1992 Pm.
491 1971 504 1991 1
521 1974 526 1993 :
558 1962 684 2001 relique
701 1961 732 1992 V
820 1972 836 2000 7
862 1971 917 1992 om
943 1960 1013 1991 NV
1081 1959 1154 1990 Hoc
1172 1959 1259 1990 Pt'tlz.
1276 1970 1282 1989 :
1309 1959 1410 1990 Hunc
1427 1959 1459 1989 P

191 2001 235 2034 11.
259 1999 299 2033 Η
315 2005 366 2044 46,
388 2000 452 2035 Th
471 2015 521 2045 75.
599 2005 707 2036 Habet
723 2006 875 2036 Perottus
892 2016 967 2035 cum
986 2003 1078 2034 titulo
1095 2013 1164 2033 NON
1183 2013 1261 2033 ESSE
1278 2012 1474 2034 mammam

146 2055 263 2077 Aucvr
282 2056 450 2079 imvaM
553 2059 565 2079 1
592 2060 657 2080 om.
677 2049 747 2079 NV
840 2061 858 2087 4
883 2049 1016 2088 quidam
1034 2046 1104 2076 NV
1115 2046 1177 2076 Ro.
1203 2046 1319 2077 Wissa
1345 2047 1474 2085 quidem

147 2089 224 2120 PR‘
311 2091 446 2123 miseriti
465 2091 513 2124 P:
540 2093 709 2124 miseriam
727 2092 796 2122 NV
880 2093 919 2131 5*
945 2092 1068 2122 nullum
1087 2090 1219 2130 scripsi:
1243 2099 1342 2119 nemo
1359 2089 1475 2128 PNV;

146 2133 184 2172 ‘fi
210 2133 272 2165 Ro.
304 2133 400 2166 W'ss.
425 2145 512 2174 quae
539 2137 623 2176 (qui)
654 2137 822 2167 neminem
852 2135 948 2166 laesit
1089 2135 1128 2165 6*
1153 2141 1188 2165 ut
1215 2134 1398 2164 sustineret
1427 2133 1474 2163 P;

147 2177 359 2209 sustinentes
375 2177 460 2209 NV:
473 2179 552 2218 fort.
573 2185 607 2209 ut
625 2179 833 2210 sustinerent
921 2190 943 2218 9
967 2184 1000 2209 ut
1018 2178 1067 2208 P:
1094 2178 1124 2208 ui
1143 2177 1211 2208 NV
1283 2177 1397 2207 refecit
1413 2177 1478 2206 NV

147 2219 210 2251 Ro.
234 2219 335 2252 Wu‘ss.
350 2220 438 2253 Pith.
455 2232 462 2251 :
487 2222 594 2253 reficit
611 2223 675 2253 PR
758 2232 794 2260 ¹3
819 2222 924 2262 ipsius
943 2227 1112 2261 pastorem
1131 2221 1202 2251 NV
1282 2231 1318 2259 14
1343 2225 1477 2250 uertens

147 2262 219 2293 NV
303 2264 377 2295 irati
394 2265 464 2295 NV
551 2275 589 2304 15
615 2266 705 2296 ferae
723 2265 808 2296 Pitlz.
823 2276 830 2295 :
856 2266 926 2295 sere
942 2265 1008 2296 PV
1106 2266 1145 2295 16
1170 2266 1249 2295 haut
1266 2263 1342 2294 PR‘
1357 2274 1365 2294 ε
1390 2264 1475 2294 haud

147 2305 219 2336 NV
316 2317 379 2347 pro
397 2308 467 2339 uita
483 2308 554 2339 NV
566 2309 626 2339 Ro.
645 2319 684 2339 ex
696 2312 808 2348 parte:
833 2309 935 2339 uitam
954 2308 1015 2339 Ro.
1035 2318 1075 2338 ex
1085 2313 1179 2348 parte
1199 2307 1295 2339 Wiss.
1315 2319 1322 2338 ε
1347 2312 1475 2347 prumta

148 2349 207 2380 P?
224 2349 257 2380 R
363 2361 400 2390 17
425 2356 458 2382 at
469 2351 554 2382 NV:
578 2357 611 2383 et
624 2351 727 2383 PRo.
739 2362 779 2382 ex
787 2355 878 2391 parte
892 2350 988 2382 Wiss.
1101 2351 1176 2390 quis
1189 2351 1252 2383 Ro.
1271 2350 1366 2382 IViss.
1385 2362 1391 2381 ε
1422 2351 1475 2390 qui

149 2392 251 2423 PNV
330 2395 421 2425 saxis
437 2395 506 2425 NV
586 2396 728 2436 petierat
745 2395 810 2426 PR
887 2396 924 2425 18
949 2395 1003 2435 qui
1028 2394 1098 2426 NV
1172 2405 1211 2435 19
1236 2395 1405 2426 laeserunt
1424 2394 1474 2425 N:

150 2435 296 2469 leserant
314 2437 422 2479 P(-at
441 2438 502 2479 R')
