1747 2745
736 199 913 236 APPEN
926 201 934 235 1
946 200 1021 236 >lx
1059 200 1121 235 ΓΕ
1131 198 1385 236 ROTTINA
1417 196 1531 235 1-111

685 340 724 376 11

603 433 797 465 AVCTOR

408 517 483 549 Non
501 527 576 549 esse
593 517 669 558 plus
687 527 793 556 aequo
811 516 996 556 petendum

255 597 464 633 Anmnuo
494 596 524 633 si
556 596 706 633 Nat-ura
736 593 910 632 finxisset
940 607 1030 634 meo

200 673 324 711 genus
355 662 529 707 mortale,
562 661 678 711 longe
708 660 805 698 foret
837 658 1074 699 instructius.

202 738 293 764 nam
323 734 465 764 cuncta
495 725 610 764 nobis
639 725 880 764 attribuisset
911 727 1124 765 commoda

201 803 302 841 quae
331 790 394 829 cui
426 791 598 830 Fortuna
628 790 837 840 indulgens
867 789 1025 828 animali
1056 791 1177 839 dedit,

202 853 399 905 elephanti
430 854 530 893 uires
561 862 599 893 et
629 854 754 893 leonis
786 854 990 904 impetum,

202 919 367 958 cornicis
396 931 551 967 aeuum,
583 919 745 970 gloriam
777 919 875 957 tauri
906 919 1034 968 trucis,

201 982 292 1034 equi
322 983 469 1023 uelocis
498 984 695 1035 placidam
725 986 1070 1024 mansuetudinem
1087 999 1097 1033 ;

202 1057 240 1088 et
268 1050 425 1089 adesset
453 1049 604 1089 homini
635 1064 705 1088 sua
735 1057 868 1089 tamen
899 1050 1077 1089 sollertia.

202 1113 385 1153 nimirum
415 1113 455 1153 in
484 1116 593 1154 caelo
623 1128 757 1154 secum
789 1114 888 1154 ridet
919 1115 1106 1166 Iuppiter,

202 1181 298 1220 haec
328 1179 394 1232 qui
425 1180 582 1231 negauit
614 1194 757 1232 magno
787 1182 953 1220 consilio
982 1181 1221 1230 hominibus,
1494 1201 1532 1222 10

203 1258 251 1284 ne
281 1253 478 1296 sceptrum
510 1246 646 1285 mundi
678 1255 828 1297 raperet
860 1255 991 1285 nostra
1020 1247 1195 1287 audacia.

257 1314 360 1363 Ergo
389 1313 565 1352 contenti
596 1326 758 1352 munere
789 1313 922 1352 inuicti
956 1313 1064 1352 Iouis

203 1378 326 1418 fatalis
356 1392 480 1418 annos
510 1380 764 1419 decurramus
795 1379 992 1429 temporis,

204 1457 275 1483 nec
306 1445 391 1494 plus
421 1457 610 1483 conemur
641 1457 759 1494 quam
793 1444 882 1482 sinit
914 1444 1139 1483 mortalitas.

688 1588 753 1625 III

399 1680 681 1714 MERCVRIVS
705 1681 772 1713 ΕΤ
792 1680 1039 1713 MVLIERES

509 1759 559 1789 De
579 1759 695 1790 eodem
713 1758 777 1788 alia
796 1757 915 1788 sabella

258 1836 523 1874 Mmzcvmvm
555 1836 726 1889 hospitio
758 1834 939 1874 mulieres
969 1834 1149 1888 (uiduae)
1176 1837 1278 1874 duae

204 1899 393 1939 inliberali
424 1909 462 1940 et
492 1901 653 1940 sordido
684 1907 935 1951 receperant;

203 1978 367 2016 quarum
399 1979 476 2005 una
507 1967 543 2004 in
574 1966 686 2005 cunis
717 1979 882 2016 paruum
913 1965 1084 2004 habebat
1115 1964 1248 2012 filium,

204 2040 388 2082 quaestus
417 2032 597 2083 placebat
626 2033 734 2071 alteri
767 2030 1017 2070 meretricius.

205 2109 296 2147 ergo
325 2104 367 2136 ut
396 2098 551 2135 referret
580 2096 741 2147 gratiam
772 2096 909 2135 officiis
938 2108 1083 2147 parem,

205 2161 390 2208 abiturus,
422 2170 460 2200 et
490 2163 566 2200 iarn
597 2161 715 2200 limen
746 2162 951 2210 excedens,
982 2161 1034 2199 ait

251 2264 281 2296 11
301 2263 397 2302 (111).
423 2262 463 2296 Η
482 2266 552 2297 106.
637 2276 656 2295 2
681 2266 766 2296 seret
791 2265 821 2296 V
903 2265 941 2304 3*
966 2265 1193 2296 attribuissem
1210 2264 1319 2296 Havet
1407 2276 1423 2304 4
1451 2275 1533 2305 quae

206 2309 258 2340 cui
283 2307 441 2340 Mueller:
463 2318 691 2348 quaecumque
715 2307 763 2347 V;
787 2309 824 2348 cs.
845 2319 873 2340 ν.
894 2318 931 2348 15
1075 2309 1114 2348 5*
1138 2319 1211 2340 cum
1242 2309 1379 2340 leonino
1405 2309 1532 2348 impetu

205 2351 316 2383 Have!
363 2394 370 2401 ⁸
396 2351 436 2401 ῤ*
460 2351 601 2383 cornicis
613 2350 780 2392 d’Orw'IIe,
793 2351 962 2390 Juunelli:
983 2362 1105 2392 corpus
1120 2351 1152 2382 in
1171 2352 1199 2383 V
1281 2362 1320 2384 10
1345 2352 1534 2384 hominibus

206 2394 477 2480 Νἰῐῗῖῗξὸιῗέ
495 2448 565 2478 107.
641 2449 654 2470 1
681 2440 804 2470 uiduae
820 2439 896 2470 add.
917 2439 1066 2470 Clzauvin
1083 2450 1090 2472 t
1114 2450 1179 2471 om.
1200 2439 1266 2470 NV
1354 2451 1373 2470 2
1397 2441 1534 2471 sordido

207 2481 261 2513 N:
284 2492 317 2513 -a
337 2481 368 2511 V
452 2491 471 2521 5
496 2483 637 2513 referret
655 2481 704 2514 N:
730 2483 896 2522 preferret
917 2482 949 2512 V
1032 2493 1092 2522 par
1109 2507 1116 2514 .
1136 2509 1142 2515 .
1161 2483 1215 2514 N:
1240 2494 1307 2515 om.
1330 2483 1358 2513 V
