1747 2745
407 414 629 464 LIBER
675 415 1021 476 QVARTVS

549 561 703 599 PROL
713 561 790 599 OG
803 562 817 597 l
827 561 865 598 'S

390 668 543 700 Por-:TA
569 668 634 699 AD
660 661 1029 700 PARTICVLONEM

229 757 326 797 Cvn
356 755 615 796 destinassem
647 755 858 794 terminum
887 758 996 807 operi
1025 765 1207 805 statuere,

174 822 215 862 in
243 824 321 862 hoc
349 830 392 861 ut
420 822 505 861 aliis
534 830 637 861 esset
666 821 851 862 materiae
880 822 984 871 satis,

174 890 383 929 consilium
412 887 533 926 tacito
561 888 681 927 corde
710 888 898 927 damnaui
927 887 1108 942 (meum).

174 968 266 994 nam
295 954 326 994 si
357 953 444 1005 quis
473 952 592 993 etiam
621 953 708 992 talis
737 961 795 993 est
824 953 925 992 tituli
954 953 1189 1009 (appetens),

174 1033 256 1071 quo
283 1026 400 1071 pacto
428 1017 625 1058 diuinabit
654 1017 846 1069 quidnam
877 1019 1088 1069 omiserim,

173 1092 216 1124 ut
245 1086 340 1124 illud
370 1084 454 1135 ipse
483 1082 643 1134 incipiat
673 1084 800 1124 famae
829 1086 993 1133 tradere,

174 1163 244 1189 sua
272 1149 416 1201 cuique
443 1162 536 1188 cum
565 1148 615 1188 sit
645 1149 766 1187 animi
796 1151 982 1200 cogitatio

173 1217 360 1267 colorque
388 1214 598 1266 proprius?
645 1228 736 1265 ergo
765 1228 846 1254 non
877 1215 1015 1256 leuitas
1046 1216 1151 1266 mihi,

173 1281 243 1321 sed
271 1288 377 1320 certa
405 1279 503 1319 ratio
532 1293 691 1318 causam
721 1280 918 1320 scribendi
948 1282 1068 1321 dedit.

172 1359 302 1398 quare,
337 1345 543 1393 Particulo,
575 1344 763 1395 quoniam
793 1346 942 1396 caperis
973 1348 1124 1396 fabulis,
1467 1365 1505 1387 10

172 1410 288 1464 (quas
317 1411 521 1462 Aesopias,
553 1423 635 1449 non
665 1410 824 1461 Aesopi,
856 1412 1031 1460 nomino,

172 1479 265 1528 quia
294 1490 438 1528 paucas
468 1476 533 1515 ille
561 1475 746 1522 ostendit,
778 1489 852 1526 ego
882 1477 1001 1527 pluris
1031 1491 1128 1526 sero,

172 1557 266 1583 usus
295 1550 451 1582 uetusto
480 1554 622 1593 genere
651 1542 721 1581 sed
751 1541 867 1580 rebus
897 1542 1043 1594 nouis,)

172 1615 352 1660 quartum
382 1607 558 1647 libellum
590 1620 679 1646 cum
711 1606 861 1646 uacaris
892 1609 1076 1659 perleges.

170 1675 278 1713 hunc
306 1673 525 1713 obtrectare
555 1672 586 1712 si
617 1673 724 1712 uolet
754 1672 986 1723 malignitas,
1464 1690 1499 1721 15

171 1738 312 1779 imitari
341 1740 437 1778 dum
468 1752 548 1777 non
578 1737 711 1789 possit,
745 1737 938 1777 obtrectet
967 1738 1067 1777 licet.

171 1804 268 1844 mihi
297 1812 406 1855 parta
434 1805 518 1842 laus
547 1811 605 1842 est
634 1803 742 1853 quod
774 1811 826 1850 tn,
859 1805 968 1853 quod
999 1804 1143 1843 similes
1174 1804 1241 1852 tui,

213 1907 397 1949 Prologus:
419 1905 459 1939 H
473 1918 523 1948 77.
595 1908 725 1939 Perotto
737 1911 853 1938 notum
866 1919 877 1945 ,·
894 1907 931 1947 cf.
949 1907 1026 1938 adn.
1041 1906 1089 1938 ad
1106 1918 1135 1939 u.
1152 1917 1198 1946 15.
1246 1907 1327 1939 Post
1339 1908 1500 1950 epilogum

169 1951 245 1983 libri
263 1951 312 1982 111
331 1952 436 1982 alieno
454 1951 519 1983 Ioco
537 1951 715 1983 exhibitum
739 1962 759 1982 a
780 1951 846 1982 PR
869 1952 934 1982 lzuc
957 1951 1126 1981 transtulit
1149 1951 1282 1982 Brotier
1370 1962 1383 1982 1
1407 1954 1499 1992 operi

169 1999 319 2027 statuere
336 1995 494 2036 Scheffer:
521 1995 633 2034 operis
651 1996 776 2026 habere
793 1994 870 2025 PR'
963 2005 983 2034 3
1008 2004 1119 2025 meum
1136 1994 1213 2026 add.
1230 1994 1478 2026 Rittershauscn
1494 2008 1501 2028 z

169 2049 236 2070 om.
255 2037 332 2069 PR'
424 2049 444 2077 4
467 2043 632 2078 appetens
650 2038 727 2070 add.
746 2038 779 2069 F
777 2037 950 2069 reinslzeim
967 2049 974 2068 ε
998 2038 1151 2069 aemulus
1168 2038 1234 2069 Iac.
1257 2038 1408 2070 Gronov:
1433 2051 1499 2071 om.

169 2081 247 2114 PR'
355 2091 374 2122 5
399 2082 561 2113 diuinabit
578 2081 739 2123 Rigault:
764 2082 936 2113 damnabit
954 2081 1018 2112 PR
1035 2093 1074 2112 ex
1088 2092 1108 2121 3
1212 2082 1252 2113 6*
1277 2082 1359 2113 illud
1377 2082 1499 2123 Guyet:

170 2125 262 2157 illum
278 2124 356 2156 PR'
458 2126 531 2165 ipse
548 2126 687 2165 incipiat
703 2126 834 2166 scripsi:
859 2126 968 2165 ipsum
986 2125 1117 2165 cupiam
1139 2124 1236 2157 PR':
1261 2126 1371 2165 ipsum
1389 2127 1501 2166 cupiat

171 2169 276 2208 Guyet
364 2179 381 2208 7
407 2168 589 2200 concitatio
606 2169 715 2200 Havet
797 2170 817 2200 8
842 2169 997 2208 propr-ius
1015 2169 1284 2201 Riltershausen:
1310 2169 1402 2209 prior
1417 2169 1499 2200 PR:

170 2212 287 2253 prinus
304 2211 475 2252 Lesebvre:
500 2221 575 2244 -uos
592 2212 738 2253 Scheffer
858 2223 897 2243 10
922 2212 1093 2243 Particulo
1110 2212 1197 2244 Pith.
1215 2225 1221 2244 ε
1247 2213 1409 2251 particula
1425 2213 1500 2244 PR‘

169 2255 289 2288 fabulis
305 2254 392 2286 Pith.
411 2267 419 2286 ε
443 2256 572 2287 fabulae
588 2255 665 2287 PR'
779 2265 817 2286 12
842 2256 919 2296 quia
936 2255 1087 2295 Bentley:
1113 2256 1207 2296 quasi
1223 2255 1290 2287 PR
1394 2257 1500 2296 pluris

171 2298 299 2331 Havet:
323 2299 438 2339 plures
455 2298 487 2329 Ρ
542 2309 619 2331 sero
636 2299 759 2332 Orelli:
784 2299 915 2330 dissero
928 2298 968 2338 P,
987 2299 1023 2339 cf.
1039 2298 1116 2330 Liu.
1130 2300 1186 2332 vii.
1199 2310 1227 2332 2.
1241 2300 1262 2330 8
1342 2300 1400 2338 14*
1425 2311 1498 2331 cum

168 2342 323 2384 Bentley:
348 2343 426 2374 dum
443 2342 508 2374 PR
575 2341 708 2376 uacat-is
724 2343 859 2384 scripsit
883 2343 1008 2374 uacarit
1024 2341 1178 2383 Bentley:
1202 2343 1317 2374 uariae
1333 2343 1383 2373 P:
1410 2345 1500 2374 uarie

168 2385 202 2418 R
294 2387 397 2428 15-17
421 2387 516 2418 habet
531 2387 682 2418 Perottus
697 2387 731 2418 r'n
743 2387 878 2428 prologo
894 2397 955 2417 suo
