1747 2745
868 192 931 228 FA
940 193 968 228 Β
975 192 1007 227 V
1015 192 1083 229 LA
1091 193 1121 229 li
1153 192 1346 232 NOVAE
1380 194 1513 231 Ill-v

182 298 314 345 ‘Quid
343 297 510 348 gloriose
541 300 742 348 quondam
771 298 900 350 (eum)
928 300 1096 349 phaleris
1126 301 1208 348 tibi,

184 363 309 401 modo
338 364 389 401 ad
420 371 690 412 contemptum
720 362 825 414 v<qui>
853 363 986 402 redisti
1017 366 1266 404 miseriamP'
1479 383 1515 404 ιο

721 519 778 556 IV

476 610 646 643 ASINVS
676 611 1024 644 mmlsERlCORS

240 699 426 736 ASELLvs
462 705 500 735 et
530 696 602 735 bos
633 711 714 736 uno
743 698 877 736 sociati
909 698 1001 748 iugo

181 760 408 815 (plostrum)
437 762 658 800 trahebant.
719 763 790 801 bos
821 764 916 802 dum
947 765 1065 813 paulo
1093 762 1262 803 ualidius

181 835 345 867 conatur
372 840 489 877 aegro
519 840 641 866 cornu
672 827 867 879 <cursu)m
899 829 1070 875 tendere,

181 894 349 932 †asellus
378 891 462 942 ipse
493 893 660 941 negabat
690 894 841 931 nullum
872 895 1053 932 leuamen
1082 893 1270 943 accipere.

182 960 314 997 †solus
343 965 424 995 atm
456 957 527 995 bos
557 970 679 995 cornu
710 967 747 996 et
777 958 984 996 confestim
1016 966 1193 997 mortuus
1224 967 1291 998 est.
1498 977 1514 1007 5

181 1023 334 1062 asinum
367 1022 564 1061 bubulcus
594 1036 714 1061 onere
745 1023 859 1062 bouis
889 1032 1104 1074 exaggerat,

183 1090 248 1138 qui
282 1089 423 1126 multas
453 1087 554 1126 inter
585 1089 716 1138 plagas
748 1097 882 1138 ruptus
913 1089 1087 1128 concidit

182 1163 219 1192 et
249 1153 459 1204 exspirauit
490 1153 620 1192 media
649 1155 843 1203 collapsus
872 1153 947 1192 uia.

181 1217 300 1269 (tum)
328 1217 384 1256 sie
412 1218 463 1256 ad
494 1219 678 1268 praedam
710 1219 968 1256 conuolantes
997 1218 1133 1257 alites:

185 1282 246 1321 ‘Si
277 1290 315 1322 te
344 1283 517 1332 precanti
550 1282 683 1321 mitem
716 1282 958 1321 exhibuisses
987 1282 1095 1330 boui,
1478 1300 1515 1322 10

184 1361 263 1386 non
293 1346 506 1385 immaturo
535 1360 607 1386 nos
638 1348 794 1387 interitu
825 1360 1004 1398 pasceres
1017 1349 1037 1386 '.

723 1489 760 1525 V

505 1581 677 1613 1l111-„VVS
703 1581 994 1613 AEGROTANS

242 1672 419 1708 Mvwros
448 1668 590 1707 iaceret
621 1680 776 1705 menses
805 1679 896 1704 cum
926 1678 1041 1716 aeger
1070 1665 1214 1706 miluus

227 1785 248 1814 9
273 1784 303 1812 q.
324 1772 383 1803 tibi
401 1771 446 1811 gl.
464 1771 628 1810 quondam
649 1769 759 1799 faleris
777 1768 844 1799 Ad.
865 1768 954 1808 quod
966 1768 1090 1799 correxi
1210 1780 1250 1801 10
1274 1771 1330 1809 qui
1347 1781 1413 1802 om.
1433 1770 1514 1809 Ad„

185 1817 260 1849 add.
280 1817 437 1846 Burman

231 1861 287 1891 IV.
312 1856 378 1890 Th
395 1869 448 1898 41,
463 1857 565 1898 praej.
583 1856 690 1894 ccxiii,
710 1855 861 1895 Havetp.
876 1865 949 1895 275.
988 1855 1108 1886 Exstat
1119 1855 1212 1896 apud
1224 1857 1293 1888 Ad.
1341 1867 1370 1894 2,
1384 1858 1424 1896 3*
1449 1857 1518 1896 plo-

186 1911 292 1936 strum
314 1903 515 1943 (plaustrum
528 1900 667 1940 priores)
681 1898 765 1936 dedi,
778 1910 844 1929 om.
857 1898 926 1931 Aa.
1011 1899 1072 1930 bos
1082 1899 1160 1930 dum
1173 1910 1248 1931 con.
1262 1900 1363 1939 paulo
1375 1900 1518 1931 ualidius

186 1948 346 1980 incedere
362 1955 466 1977 cornu
483 1954 585 1983 aegro
602 1942 672 1974 Ad.
689 1942 778 1982 quod
792 1943 916 1973 correxi
1054 1954 1087 1981 4,
1103 1943 1143 1982 5*
1161 1944 1315 1984 grauiter
1327 1947 1476 1984 corrupta
1492 1948 1520 1974 et

176 1993 324 2031 sortasse
345 1989 474 2028 mutila,
493 1987 656 2027 temptaui
673 1991 707 2017 at
730 1986 793 2026 ipsi
815 1986 940 2016 asellus
962 1986 1009 2016 nil
1033 1986 1135 2017 refert
1158 1987 1329 2018 leuaminis
1352 1989 1519 2027 (praestat

188 2035 232 2066 nil
262 2033 438 2066 leuaminis
469 2031 618 2071 Mueller>
641 2030 646 2072 Ι
667 2031 759 2061 solus
783 2029 970 2072 <luct)atus
995 2030 1056 2060 bos
1079 2030 1260 2061 confestim
1289 2036 1339 2061 est
1366 2036 1518 2061 mortuus

186 2082 207 2110 6
229 2089 332 2110 onere
349 2077 464 2117 scripsi
477 2088 551 2107 cum
569 2077 720 2116 pondere
737 2078 898 2115 sequatur
909 2080 956 2111 (u.
969 2075 1003 2113 8)
1019 2085 1026 2104 ε
1051 2084 1153 2105 carne
1166 2073 1235 2105 Ad.
1328 2084 1346 2113 7
1371 2074 1518 2106 concidit

187 2123 347 2153 Burman
361 2133 370 2153 ι
394 2121 518 2152 cecidit
531 2120 598 2152 Ad.
655 2120 676 2150 8
699 2120 853 2160 pondere
865 2123 941 2150 ante
951 2118 1123 2157 collapsus
1137 2117 1220 2156 Ad„
1233 2117 1349 2148 deleuit
1359 2117 1517 2148 Burman

186 2178 207 2206 9
231 2167 386 2197 uolucres
415 2165 640 2196 aduenientes
669 2164 711 2194 ad
745 2164 905 2203 praedam
939 2162 1121 2193 conuolant
1152 2161 1306 2192 dicentes
1332 2160 1402 2191 Ad.
1431 2160 1522 2200 quod

187 2210 329 2241 roi-rexi:
353 2209 570 2241 conuolantes
594 2208 692 2239 alites
715 2208 786 2239 iam
810 2206 941 2237 Havct:
970 2210 1038 2236 tum
1064 2205 1130 2236 uol.
1155 2205 1379 2236 aduenientes
1401 2205 1444 2234 ad
1468 2214 1517 2244 pr.

189 2264 308 2284 nouam
329 2252 469 2284 Mueller
598 2262 632 2283 11
660 2261 727 2282 non
751 2251 815 2281 iam
834 2251 1011 2280 immaturo
1029 2259 1091 2280 nos
1108 2249 1167 2280 int.
1185 2257 1345 2288 pasceres
1361 2252 1417 2278 tuo
1435 2247 1516 2287 Ad„

186 2308 266 2327 corr.
283 2296 440 2327 Burman

184 2335 194 2341 ’
230 2340 272 2372 V.
297 2336 362 2371 Th
374 2349 416 2379 23
428 2339 545 2379 (praef
560 2339 686 2379 ccxxi),
702 2337 748 2369 CI.
763 2337 802 2377 Q.
814 2337 881 2368 xiii.
894 2338 947 2367 81.
980 2335 1203 2376 E.t·statapud
1212 2334 1276 2366 Ro.
1356 2345 1369 2366 1
1397 2334 1519 2365 multos

188 2385 314 2415 iaceret
334 2393 472 2414 menses
496 2393 570 2413 eum
596 2392 700 2422 aeger
724 2392 768 2413 m.
793 2381 922 2420 scripsi:
949 2380 1071 2410 multos
1098 2389 1124 2410 e.
1148 2388 1285 2410 menses
1309 2382 1519 2418 aegrotasset

190 2427 323 2458 miluius
348 2425 459 2458 Gude:
485 2426 605 2456 miluus
626 2435 702 2456 cum
723 2429 916 2464 aegrotaret
931 2424 1126 2464 (aegrotare
1148 2422 1334 2464 coepisset)
1352 2427 1386 2452 et
1407 2421 1519 2452 multis

189 2471 361 2502 mensibus
379 2469 555 2511 (infirm'us'
579 2470 702 2500 iaceret
719 2468 783 2501 Ro.
