1747 2745
216 149 475 186 PHAEDRI
508 150 855 187 FABVLARVM

201 258 413 307 fasltrlt'um
444 261 631 298 leuantem
659 265 866 298 suaserunt
890 261 1020 308 cibum,

213 331 341 362 cuncta
372 330 418 363 nt
443 327 555 363 licent
581 327 769 374 tyrannis.
829 331 873 363 at
899 327 952 363 leo
985 329 993 345 ‘
1007 326 1125 364 St'mt'i

214 397 330 440 sapor
357 391 490 428 mihist
516 392 666 440 zgzmlus
678 403 698 434 ,⁶
735 391 836 428 lzanc
861 404 1011 428 carnem
1042 391 1154 428 uelim
1169 392 1187 428 '.

213 460 326 504 atque
355 457 410 494 ila
441 457 560 494 locuto
587 457 752 494 blandus
780 457 940 506 rapitur
964 458 1109 495 simius.
1507 475 1523 496 2
1529 474 1547 506 5

579 600 677 637 XIV
706 599 816 652 (XV)

528 693 864 726 PROMETHEVS

214 839 236 864 a
268 825 427 865 fictione
456 826 598 865 ueretri
626 826 801 877 linguam
832 827 1014 865 mulieris.

215 890 461 931 adfinitatem
490 891 603 930 traxit
633 892 726 930 inde
755 891 1037 931 obscaenitas'.

593 1038 669 1074 XV
700 1037 835 1087 (XVI)

653 1132 767 1163 IDEM

272 1221 466 1258 RokoT
495 1219 600 1265 alter,
635 1217 807 1257 tribadas
837 1225 876 1257 et
905 1219 1044 1258 molles
1075 1232 1200 1259 mares

215 1298 316 1335 quae
346 1285 444 1322 ratio
474 1285 745 1334 procreasset?
784 1285 964 1333 exposuit
994 1297 1123 1338 suffex.

217 1350 354 1388 ‘Idem
387 1349 657 1394 Prometheus,
689 1356 826 1386 auctor
856 1349 962 1398 uulgi
994 1348 1120 1387 fictilis

215 1413 294 1464 qui,
326 1412 442 1452 simul
473 1411 638 1451 offendit
667 1413 718 1451 ad
749 1414 956 1460 fortunam,
990 1412 1186 1462 frangitur,

215 1487 376 1518 naturae
405 1485 533 1529 partes
565 1485 675 1517 ueste
706 1490 804 1528 quas
835 1479 934 1516 celat
965 1479 1093 1528 pudor
1532 1496 1550 1528 5

215 1558 305 1584 cum
336 1542 544 1595 separatim
575 1550 659 1581 toto
691 1542 865 1580 finxisset
894 1542 970 1590 die,

215 1617 346 1661 aptare
377 1622 468 1647 mox
497 1615 540 1646 ut
570 1615 702 1658 posset
734 1607 964 1657 corporibus
994 1607 1084 1655 suis,

214 1676 265 1714 ad
295 1688 434 1714 cenam
465 1681 522 1713 est
553 1673 740 1712 inuitatus
773 1673 905 1711 subito
934 1686 956 1711 a
986 1673 1141 1713 Libero.

258 1790 300 1810 22
324 1783 501 1810 suaserunt
525 1778 556 1808 ei
581 1787 716 1808 sumere
745 1778 855 1808 cibum
880 1777 1024 1816 aliquem
1049 1777 1103 1817 qui
1128 1777 1212 1808 leuis
1235 1782 1328 1808 esset
1355 1782 1390 1809 et
1417 1777 1550 1809 tolleret

215 1823 380 1854 fastidium
399 1833 459 1862 pro
478 1821 669 1861 digestione
682 1821 745 1852 Ro.
763 1832 770 1851 :
796 1822 960 1852 suadetur
975 1831 1108 1852 sumere
1125 1820 1268 1860 aliquem
1287 1821 1395 1852 cibum
1412 1822 1446 1852 in
1460 1822 1551 1861 quie-

215 1872 282 1898 tem
300 1871 334 1897 et
349 1867 405 1906 qui
423 1866 453 1897 ei
470 1865 600 1896 leuaret
618 1864 792 1895 fastidium
818 1863 916 1896 Wiss.
1023 1875 1065 1904 23
1088 1869 1208 1895 cuncta
1225 1870 1259 1895 ut
1276 1864 1379 1896 licent
1395 1866 1551 1903 tyrannis

213 1911 346 1951 scm'psi:
371 1915 406 1941 ut
424 1909 559 1949 regibus
578 1908 690 1939 omnia
713 1908 817 1938 licent
836 1908 898 1940 Ro.
919 1908 1015 1940 lViss.
1109 1913 1144 1939 at
1160 1908 1214 1939 leo
1231 1919 1320 1939 unus
1334 1919 1374 1939 ex
1387 1907 1472 1940 Ra:
1497 1909 1551 1940 ille

215 1954 315 1985 uelat
332 1953 387 1984 ille
404 1953 483 1988 alii:
505 1963 572 1984 om.
598 1952 694 1983 Wsss.
717 1963 724 1982 :
751 1953 859 1992 inquit
880 1951 958 1985 add.
980 1963 1102 1984 omnes.
1205 1963 1246 1991 24
1269 1952 1385 1992 ignota
1400 1957 1453 1984 est
1469 1953 1550 1983 mihi

215 1997 329 2037 inquid
346 1997 432 2028 simii
449 2007 537 2028 caro.
557 1997 643 2027 hanc
667 1996 787 2026 uellem
809 1997 928 2035 ignoro
945 1997 1022 2036 quid
1045 1997 1088 2028 sit
1107 1997 1192 2028 hanc
1214 2007 1316 2036 sapor
1337 1995 1457 2028 Wiss.:
1480 1996 1550 2036 ign.

215 2047 266 2072 est
283 2043 350 2080 inq.
366 2051 407 2071 m.
419 2051 446 2072 c.
462 2040 549 2071 simii
568 2041 665 2077 s-iae]
685 2041 808 2071 uellem
829 2041 915 2071 lianc
931 2041 1036 2080 (illam
1055 2041 1144 2080 eam)
1157 2041 1300 2081 probare
1313 2040 1377 2072 Ro.
1449 2050 1490 2080 25
1515 2045 1551 2071 ut

215 2091 267 2116 est
283 2085 413 2116 locutus
431 2085 494 2116 Ro.
520 2084 617 2116 W't'ss.
630 2085 969 2125 fhrendnmsortasse
1067 2086 1209 2116 blandus
1226 2086 1356 2125 rapitur
1372 2095 1397 2117 s.
1416 2084 1549 2124 scrip3i:

214 2129 327 2159 statim
351 2134 490 2159 necatur
512 2129 714 2169 beniloquus
741 2140 767 2161 s.
797 2130 910 2167 (simia
931 2130 1151 2170 boniloquaffi
1174 2129 1262 2161 Ra:
1302 2128 1413 2160 statim
1439 2128 1552 2167 rapuit

213 2172 301 2202 bene
325 2172 467 2211 loquens
492 2173 610 2204 simius
639 2173 803 2204 offeretur
830 2176 906 2213 (pro
928 2174 1090 2213 aufertur)
1119 2172 1226 2212 Wsss„
1245 2172 1357 2204 addito
1376 2171 1469 2213 apud
1485 2170 1549 2202 Ro.

214 2216 405 2256 complures
423 2221 460 2246 ut
477 2216 550 2247 eius
575 2227 712 2248 carnem
738 2217 805 2247 cito
829 2217 863 2247 in
886 2227 996 2248 escam
1017 2222 1175 2255 sumeret,
1196 2217 1290 2257 apud
1306 2215 1404 2247 Wz'ss.
1423 2220 1458 2246 ut
1479 2215 1551 2253 regi

214 2265 286 2290 erat
305 2260 431 2290 iussum
451 2266 484 2291 et
501 2261 616 2291 statim
638 2260 781 2291 laniatus
799 2260 841 2291 ab
859 2271 898 2291 eo

258 2302 350 2335 XIV.
377 2300 417 2334 H
432 2306 484 2343 64.
558 2303 718 2334 Eiusdem
735 2304 935 2345 argumenti,
953 2309 1124 2344 peruersae
1138 2303 1251 2334 scilicet
1265 2302 1420 2342 libidinis,
1433 2313 1472 2333 ac
1486 2301 1551 2332 XV

214 2358 290 2378 cum
307 2357 372 2387 quo
389 2347 659 2389 coniungendam
678 2347 808 2378 uidetur
823 2351 860 2377 ut
869 2351 971 2378 censet
983 2347 1102 2388 Speyer
1161 2357 1175 2378 1
1195 2347 1363 2379 affictione
1380 2345 1523 2387 Rzgault

257 2390 331 2422 XV.
355 2388 394 2422 H
412 2393 464 2431 65„
576 2401 590 2421 1
618 2390 767 2422 tribadas
783 2390 873 2422 Pillz.
890 2402 897 2421 :
922 2391 1071 2422 triuadas
1087 2390 1164 2422 PR'
1267 2392 1288 2422 8
1311 2390 1420 2422 subito
1437 2388 1525 2420 Pitk.
1543 2400 1550 2419 τ

214 2441 248 2466 ut
265 2434 377 2467 subito
396 2435 429 2466 P
521 2435 644 2466 Libero
660 2434 748 2467 Pitlz.
763 2446 770 2465 :
796 2434 916 2466 liberto
933 2434 966 2465 P
