1747 2745
142 139 400 177 PHAEDRI
433 140 781 178 FABVLARVM

141 248 268 298 lupus,
300 248 441 288 citatus
472 248 591 297 testis,
622 262 704 287 non
735 262 858 288 unum
889 250 1010 288 modo

139 313 273 351 deberi
306 314 411 361 dixit,
444 328 581 352 uerum
610 314 834 353 adfirmauit
864 315 1015 354 decern.
1454 331 1472 363 5

139 377 236 425 ouis,
269 379 457 418 damnata
486 380 583 418 falso
613 379 849 426 testimonio,

140 445 250 493 quod
279 458 360 482 non
392 445 576 492 debebat,
608 445 736 484 soluit.
797 453 885 496 post
915 458 1062 496 paucos
1092 447 1176 484 dies

140 507 282 547 bidens
312 508 505 548 iacentem
536 512 576 548 in
606 511 721 549 fouea
747 510 945 561 prospexit
975 512 1122 561 lupum.

142 573 302 612 ‘Haec'
333 572 458 624 inquit
491 578 661 614 ‘merces
692 575 837 614 fraudis
866 588 888 614 a
917 575 1067 626 superis
1096 576 1210 615 datur

572 741 719 778 XVIII

390 833 567 866 MVLIER
595 835 782 867 PARTVR
791 835 897 867 IENS

141 919 178 956 N
184 930 271 957 ΕΜΟ
301 918 468 959 libenter
497 920 632 959 recolit
661 919 729 970 qui
759 920 868 959 laesit
898 921 1040 959 locum.

195 986 373 1024 Instante
403 993 515 1036 partu
547 985 685 1024 mulier
713 985 810 1024 actis
842 987 1044 1026 mensibus

139 1050 249 1088 humi
280 1052 442 1099 iacebat,
474 1050 615 1090 flebilis
645 1051 814 1102 gemitus
844 1052 962 1090 ciens

139 1115 197 1153 uir
226 1124 283 1154 est
314 1118 502 1163 hortatus,
534 1129 677 1166 corpus
706 1118 809 1170 lgcto
839 1116 1040 1167 reciperet,

138 1193 238 1219 onus
270 1189 430 1220 naturae
461 1183 600 1221 melius
630 1195 709 1232 quo
739 1183 966 1232 deponeret.
1456 1199 1473 1229 5

141 1246 355 1286 ‘Minime’
384 1247 511 1299 inquit
544 1249 632 1287 ‘illo
662 1261 776 1298 posse
806 1248 967 1287 confido
996 1248 1085 1287 loco

141 1314 288 1352 malum
318 1313 420 1352 finiri
451 1327 531 1364 quo
561 1320 797 1363 conceptum
830 1321 887 1352 est
917 1312 1029 1351 initio
1043 1315 1063 1350 ’.

625 1473 728 1512 XIX

400 1568 541 1600 CANIS
568 1567 869 1599 PARTVRIENS

196 1655 380 1692 HABENT
411 1653 572 1692 insidias
603 1653 775 1691 hominis
807 1652 1021 1692 blanditiae
1051 1653 1168 1702 mali3

138 1733 235 1769 quas
265 1726 307 1757 ut
337 1718 519 1764 uitemus‚
552 1731 688 1756 uersus
718 1717 883 1756 subiecti
915 1726 1090 1757 monent.

194 1784 315 1825 Canis
346 1783 563 1834 parturiens
593 1796 684 1821 cum
716 1791 887 1834 rogasset
917 1785 1089 1832 alteram,

137 1859 179 1889 ut
210 1852 332 1889 fetum
364 1849 403 1887 in
434 1850 516 1888 eius
547 1849 701 1899 tugurio
731 1849 958 1898 deponeret,

137 1916 249 1955 facile
278 1914 513 1966 impetrauit.
573 1913 667 1953 dein
698 1913 920 1964 reposcenti
950 1916 1095 1952 locum·
1333 1965 1337 1968 .
1453 1932 1471 1962 5

181 2030 200 2060 5
225 2021 350 2051 debere
368 2020 401 2051 D
468 2022 488 2051 8
513 2021 635 2053 bidens
649 2022 833 2054 Heinsius:
859 2022 1045 2054 uidensD:
1070 2022 1144 2053 ouis
1155 2020 1229 2054 PR'
1296 2021 1472 2062 prospexit

138 2065 171 2095 in
189 2065 288 2095 fouea
306 2064 360 2095 D:
389 2065 420 2095 in
439 2064 537 2096 souea
555 2067 736 2106 conspexit
752 2066 786 2096 P

181 2108 308 2139 XVIII.
335 2105 373 2138 H
393 2119 443 2147 19.
534 2108 657 2140 Exstat
685 2112 719 2141 in
743 2109 778 2140 D
806 2111 866 2150 qm'
883 2114 960 2150 post
984 2119 1117 2140 uersum
1145 2119 1158 2139 1
1180 2113 1243 2149 pro
1266 2108 1358 2140 titulo
1381 2110 1473 2140 habet

138 2161 271 2182 MVLOER
286 2161 509 2183 PARTVROENS
524 2163 571 2183 AD
586 2163 701 2184 VIRVM
771 2165 790 2184 2
814 2155 897 2185 actis
909 2153 944 2183 D
959 2165 966 2185 :
990 2153 1134 2192 peractis
1148 2151 1224 2184 PR'
1290 2163 1309 2192 3
1326 2153 1428 2184 humo
1441 2152 1476 2183 P

138 2196 266 2226 flebiles
283 2195 316 2225 P
394 2206 414 2235 5
441 2201 592 2235 naturae,
611 2197 641 2227 lz.
660 2208 685 2228 e.
705 2198 793 2229 uteri
874 2199 895 2228 6
918 2197 974 2228 illa
989 2196 1025 2227 D
1107 2207 1123 2236 7
1149 2196 1247 2227 initio
1264 2196 1314 2227 P:
1338 2196 1470 2227 initium

137 2238 172 2269 D
188 2239 298 2270 Havct

182 2283 277 2314 XIX.
303 2280 341 2313 H
358 2293 411 2323 20,
433 2280 497 2314 Th
508 2284 565 2314 ’12.
657 2283 780 2316 Exstat
801 2285 835 2315 in
859 2283 894 2314 D
917 2284 979 2325 qui
992 2288 1070 2324 post
1091 2294 1226 2314 uersum
1252 2294 1270 2313 2
1292 2288 1354 2323 pro
1379 2283 1471 2314 titulo

137 2326 233 2357 habet
260 2337 362 2358 CAN1s
396 2337 620 2358 PARTVRIENS
652 2338 699 2358 AD
730 2338 894 2359 ALTERAM
1033 2338 1046 2358 1
1074 2327 1243 2358 Habentis
1265 2326 1298 2357 P
1319 2339 1363 2358 m.
1390 2337 1404 2356 1
1426 2325 1470 2357 R'

138 2371 294 2402 homines
312 2370 388 2400 PR'
483 2381 502 2409 4
527 2371 617 2402 setus
634 2371 669 2402 D
757 2372 885 2411 tugulio
905 2372 938 2402 D
1027 2380 1046 2410 5
1071 2372 1150 2402 dein
1169 2371 1204 2402 D
1219 2381 1300 2403 corr.
1316 2380 1324 2400 τ
1349 2371 1470 2401 deinde

139 2413 300 2446 DPRRo.
322 2414 417 2445 IViss.
