1747 2745
157 149 416 185 PHAEDRI
449 148 793 184 FABVLARVM

156 255 211 292 sic
240 255 475 293 corcodillus
506 254 760 303 ‘Quamlibet
788 253 919 292 lambe
951 253 1042 301 otio,

155 322 234 358 noli
268 319 388 358 uereri
404 321 421 358 ².
480 327 519 357 at
548 318 613 356 ille
644 320 855 357 ‘Facerem
886 319 1140 364 mehercules,

155 383 228 422 nisi
258 397 343 423 esse
373 383 511 423 scirem
541 382 667 421 carnis
697 392 735 421 te
765 382 953 433 cupidum
984 395 1094 420 meae
1109 384 1127 420 ⁷.

595 533 735 572 XXVI

428 627 593 659 VVLPIS
619 626 676 657 ET
702 625 899 658 CICONIA

210 717 342 754 NVLLI
374 714 612 759 nocendum,
645 711 675 750 si
707 711 793 762 quis
824 724 918 750 uero
947 710 1111 759 laeserit,

154 781 405 820 multandum
434 778 551 818 simili
579 778 661 816 iure
692 778 833 815 sabella
862 778 1062 816 admonet.

208 848 272 886 Ad
301 859 440 885 cenam
470 845 609 894 uulpes
639 842 781 882 dicitur
809 841 1004 880 ciconiam

153 913 256 964 prior
287 910 483 957 inuitasse,
514 918 552 948 et
582 908 773 959 liquidam
803 908 843 945 in
874 909 1007 957 patulo
1038 920 1230 947 marmore

154 979 332 1030 posuisse
361 975 631 1022 sorbitionem,
664 987 783 1023 quam
813 974 923 1012 nullo
954 974 1074 1012 modo
1467 989 1483 1021 ,²

152 1052 306 1095 gustare
337 1043 510 1081 esuriens
541 1039 708 1090 potuerit
739 1038 902 1077 ciconia.

153 1122 264 1160 quae,
298 1109 457 1157 uulpem
488 1119 578 1144 cum
609 1112 842 1151 reuocasset,
874 1103 1006 1142 intrito
1037 1103 1126 1142 cibo

153 1176 311 1225 plenam
341 1174 522 1223 lagonam
554 1169 685 1220 posuit
701 1183 710 1216 3
754 1168 845 1206 huic
875 1176 1041 1207 rostrum
1073 1168 1246 1208 inserens

87 1244 91 1247 ’
154 1241 312 1279 satiatur
340 1238 424 1289 ipsa
453 1245 492 1276 et
523 1242 680 1286 torquet
710 1233 923 1273 conuiuam
953 1235 1067 1272 fame.

153 1320 254 1357 quae
283 1318 374 1344 cum
403 1305 568 1354 lagonae
599 1303 746 1340 collum
778 1302 916 1338 frustra
945 1300 1145 1346 lamberet,
1449 1318 1485 1339 10

154 1369 396 1422 peregrinam
426 1369 481 1408 sic
511 1370 684 1406 locutam
716 1367 918 1404 uolucrem
949 1364 1196 1415 accepimus:

158 1435 255 1475 ‘Sua
285 1436 450 1485 quisque
480 1433 659 1483 exempla
688 1431 808 1470 debet
838 1442 966 1480 aequo
996 1428 1129 1469 animo
1159 1429 1239 1480 pati
1253 1431 1272 1469 ⁷.

638 1580 799 1617 XXVII

264 1677 403 1710 CANIS
430 1676 487 1707 ET
509 1674 791 1706 THESAVRVS
819 1673 875 1704 ET
900 1672 1161 1704 VVLTVRIVS

210 1767 334 1803 HAEC
364 1777 422 1803 res
451 1762 576 1802 auaris
608 1775 692 1800 esse
722 1761 965 1800 conueniens
996 1768 1135 1811 potest,

156 1839 194 1871 et
223 1831 301 1882 qui,
333 1829 500 1869 humiles
530 1829 622 1874 nati,
657 1827 733 1866 dici
765 1828 981 1876 locupletes
1013 1828 1181 1866 student.

199 1936 239 1967 6*
262 1936 351 1976 quod
369 1935 448 1966 libet
460 1935 547 1966 labio
560 1940 618 1966 tuo
633 1937 688 1976 (ex
700 1937 845 1968 labeotio
859 1936 1067 1977 corruptum)
1084 1935 1153 1968 Ad.
1232 1934 1314 1967 Post
1329 1935 1397 1966 otio
1413 1934 1485 1965 PR'

155 1981 274 2010 hahent
295 1983 374 2019 pota
397 1979 520 2010 accede
544 1980 613 2010 noli
639 1981 758 2011 timere
783 1981 899 2012 sedulo
925 1981 970 2012 ait
992 1986 1026 2011 at
1049 1980 1115 2010 noli
1139 1980 1248 2011 uereri
1272 1979 1389 2019 inquit,
1415 1978 1484 2011 Ad.

156 2024 223 2054 noli
255 2022 364 2054 uereri
393 2026 535 2054 tantum.
585 2028 718 2065 respecto
743 2024 833 2065 quod
856 2027 1028 2065 praestant
1051 2023 1123 2063 PR,
1153 2024 1259 2054 locam
1287 2023 1332 2054 ita
1361 2023 1488 2064 refinxit

154 2067 238 2098 Ellis
259 2067 350 2107 otio;
370 2065 375 2110 1
396 2068 530 2108 accede,
550 2073 640 2108 pota,
661 2068 729 2099 noli
751 2074 879 2099 temere
901 2069 943 2098 de
967 2068 1062 2098 dolo’
1084 2067 1088 2109 1
1110 2067 1154 2097 ait
1175 2066 1323 2097 ‘uereri'
1342 2067 1485 2096 (temere

157 2113 198 2142 de
212 2111 288 2142 dolo
302 2112 369 2142 iam
385 2111 491 2151 Gude)
565 2124 582 2152 7
608 2114 754 2144 facerem
774 2111 965 2143 mehercule
980 2111 1065 2142 Pz‘tlz.
1081 2122 1088 2140 z
1115 2111 1134 2141 f.
1153 2110 1316 2141 mercules
1329 2109 1485 2140 Mueller:

157 2156 266 2186 facere
290 2157 483 2188 mehercule
508 2157 548 2189 P.
574 2169 618 2188 m.
647 2167 680 2187 1:
706 2156 851 2186 facerem
876 2155 1013 2186 hercule
1035 2154 1075 2185 P.
1099 2165 1143 2184 m.
1169 2165 1188 2184 2
1211 2153 1264 2185 R'.
1312 2152 1487 2183 Phaedrus

158 2200 367 2232 mehercules
385 2201 507 2232 dedisse
526 2201 656 2233 uidetur
670 2204 708 2231 ut
723 2199 843 2230 Seneca
862 2198 1123 2229 constantissime

201 2243 327 2275 XXVI.
352 2242 391 2275 H
408 2257 459 2283 27.
479 2241 544 2276 Th
561 2255 614 2284 43.
700 2253 719 2273 2
744 2246 916 2273 ammonet
932 2241 1008 2272 PR'
1025 2241 1137 2271 Havet
1216 2239 1255 2278 4*
1279 2240 1393 2280 patulo
1410 2239 1420 2269 l
1450 2239 1484 2269 in

158 2298 323 2319 marmore
339 2290 412 2328 (hoc
430 2289 552 2320 Havetl
566 2287 698 2328 scripsi:
725 2286 771 2316 illi
790 2286 951 2325 liquidam
969 2285 1000 2315 in
1017 2289 1140 2324 patena
1154 2282 1228 2314 PR‘
1243 2294 1249 2313 :
1272 2284 1306 2313 in
1321 2293 1486 2313 marmore

162 2330 256 2362 szss.
275 2342 282 2362 ε
308 2334 341 2364 in
359 2332 499 2364 scutella
513 2331 580 2362 Ad.
597 2341 604 2361 ε
630 2331 664 2360 in
683 2330 795 2360 catino
815 2328 875 2360 Ro.
978 2337 997 2367 5
1022 2327 1206 2358 sorbitione
1223 2326 1277 2357 P:
1301 2337 1378 2357 corr.
1396 2325 1485 2356 Pith.

158 2386 175 2415 7
201 2377 324 2408 intrato
342 2376 376 2407 P
389 2387 433 2407 m.
451 2387 463 2406 1

203 2420 346 2451 XXVII.
373 2417 412 2450 H
432 2421 483 2456 28,
502 2416 565 2449 Th
582 2419 632 2456 38.
