1747 2745
686 122 1007 161 PRAEFATIO

176 229 438 282 particulatim
464 237 617 269 tantum
645 237 683 269 et
707 228 817 280 quasi
848 242 917 279 per
944 229 1116 267 frustula.
1157 228 1362 278 apparebit
1389 229 1505 268 etiarn

176 309 245 335 eos
267 294 422 346 saepius
443 308 524 333 non
542 296 662 334 uerba
675 296 738 333 uel
762 293 922 332 Romuli
939 295 1001 332 uel
1020 293 1186 332 Phaedri
1209 295 1278 332 sed
1295 294 1508 333 sententias

177 361 341 399 reddere
377 361 527 410 hasque
566 360 688 398 modo
727 357 946 396 accuratius
981 359 1102 397 modo
1142 358 1311 397 liberius.
1390 360 1507 398 talem

177 425 483 464 inconstantiam
513 432 555 463 ut
583 424 657 463 sibi
679 426 904 473 explanaret
931 422 1119 471 Thielius,
1147 423 1337 462 rationem
1360 424 1510 473 excogi-

177 490 275 529 tauit
308 491 399 528 satis
437 489 651 527 mirificam.
724 489 883 527 codices
923 487 990 537 qui
1029 489 1159 527 uerbis
1193 488 1353 538 propius
1389 500 1508 538 quam

179 556 368 594 deberent
393 556 443 593 ad
479 555 702 593 Phaedrum
739 554 975 591 accederent
1007 565 1054 591 ex
1088 554 1268 592 Phaedro
1295 553 1390 591 dicit
1425 565 1511 591 esse

183 621 523 670 ‘reinterpolatos⁷
554 619 688 666 uerbo,
722 626 766 656 ut
793 617 944 668 opinor,
977 617 1210 656 necessitate
1240 618 1362 668 magis
1390 631 1508 669 quam

179 684 369 724 latinitate
390 697 581 734 expresso.
623 691 665 721 ut
687 683 868 731 exemplo
895 681 1112 732 planiorem
1135 696 1216 721 rem
1243 682 1395 731 faciam,
1419 695 1509 721 curn

180 750 455 800 Paraphrastes
488 746 863 797 wissemburgensis
910 746 1025 796 eique
1064 746 1131 797 qui
1176 747 1226 786 ad
1266 748 1510 786 Gallicanam

179 827 298 864 quam
331 815 425 852 dicit
459 812 638 851 Thielius
672 811 944 850 recensionem
975 811 1214 861 pertinerent
1250 812 1432 851 fabellam
1461 812 1511 851 de

178 880 294 918 leone
319 887 492 918 uenante
521 877 615 929 (Th.
633 878 710 923 viii,
735 878 901 916 Phaedr.
926 878 956 915 1.
980 878 1018 928 v)
1049 877 1277 928 exscripturi
1307 884 1417 917 erant
1439 877 1514 916 dis-

178 944 314 995 plicuit
335 943 576 991 hominibus,
599 944 734 982 nescio
764 956 842 993 qua
869 944 920 981 de
950 956 1078 990 causa,
1103 944 1211 994 quod
1241 943 1281 981 in
1303 943 1513 994 exemplari

178 1009 412 1048 inuenerant
441 1010 631 1059 quodque
661 1007 702 1046 in
731 1009 885 1046 Veteris
909 1008 1170 1046 Recensionis
1200 1015 1375 1046 seruatur
1409 1007 1514 1046 codi-

179 1075 291 1114 cibus
325 1074 389 1112 ‘in
419 1073 640 1113 diuidendo
671 1072 726 1111 sic
756 1073 857 1110 fatur
886 1073 984 1112 leo'.
1047 1071 1180 1122 itaque
1209 1073 1259 1111 ad
1287 1072 1512 1111 Phaedrum

179 1140 310 1191 ipsum
331 1141 542 1179 decursum
563 1146 622 1177 est
643 1146 879 1188 erutumque
899 1139 1097 1188 ‘partibus
1104 1138 1225 1187 factis
1248 1139 1311 1176 leo
1340 1136 1396 1176 sic
1425 1136 1511 1186 ait',

181 1206 290 1256 quod
312 1205 458 1243 factum
489 1217 575 1243 esse
594 1202 774 1242 Thielius
801 1216 870 1253 per
900 1203 1105 1242 inclinatas
1133 1202 1279 1241 litteras
1307 1201 1510 1254 significat.

180 1274 257 1312 hoc
288 1274 371 1311 fieri
403 1271 580 1323 potuisse
612 1285 693 1311 non
723 1285 849 1322 nego3
877 1273 1025 1310 factum
1058 1285 1143 1310 esse
1182 1284 1262 1309 non
1302 1269 1404 1308 sumi
1443 1269 1513 1308 sed

180 1338 335 1388 probari
357 1337 535 1377 decebat.
586 1350 724 1375 uerum
746 1345 890 1384 tamen,
913 1349 1075 1387 quoquo
1097 1337 1218 1375 modo
1239 1349 1298 1374 res
1320 1348 1361 1374 se
1381 1333 1511 1381 habet,

179 1411 285 1443 certe
304 1404 356 1442 ad
377 1403 666 1442 restituendum
688 1401 763 1440 sibi
785 1403 1022 1450 Phaedrum,
1051 1401 1092 1441 id
1113 1402 1222 1452 quod
1242 1414 1350 1440 nunc
1376 1399 1512 1451 agitur,

182 1470 303 1516 nullo,
327 1476 370 1507 ut
390 1468 484 1507 alibi
505 1467 715 1507 docuimus
737 1467 946 1518 (Classical
969 1468 1188 1517 Quarterly,
1210 1473 1238 1505 t.
1260 1465 1322 1513 xii,
1345 1478 1381 1516 p.
1409 1464 1512 1516 153),

180 1536 303 1574 modo
323 1535 502 1585 pertinet.
540 1532 637 1584 quid
653 1532 759 1572 enim
774 1532 934 1572 interest
954 1541 1085 1572 utrum
1106 1533 1146 1571 id
1159 1533 1269 1582 quod
1290 1531 1331 1570 in
1350 1532 1513 1570 Romuli

180 1599 392 1651 exemplari
413 1601 491 1638 iam
513 1606 741 1649 corruptum
763 1607 929 1638 exstaret
958 1599 1230 1650 paraphrastes
1260 1596 1401 1648 aliquis
1422 1610 1513 1636 cum

181 1668 278 1705 serre
293 1679 372 1705 non
394 1673 528 1716 posset
550 1665 717 1704 Phaedri
739 1665 872 1715 aliquo
889 1665 1028 1704 codice
1049 1664 1088 1702 in
1109 1663 1296 1702 auxilium
1316 1664 1514 1702 aduocato

181 1733 462 1778 emendauerit,
499 1745 548 1769 an
585 1732 694 1781 quod
733 1730 797 1768 alii
832 1730 1095 1781 corrupissent
1130 1729 1213 1780 ipse
1252 1728 1398 1767 maiore
1436 1727 1514 1766 fide
1549 1720 1552 1722 ’

182 1798 425 1837 seruauerit?
454 1796 552 1835 nihil
583 1809 676 1835 sane
707 1796 881 1835 intererit
910 1795 983 1834 nisi
1014 1797 1112 1834 forte
1147 1796 1211 1833 ille
1241 1793 1410 1832 Phaedri
1431 1791 1514 1831 siue

183 1865 403 1903 Romuleus
425 1877 493 1902 seu
515 1862 640 1900 mauis
661 1861 893 1900 Thielianus
911 1863 1036 1901 codex
1053 1868 1157 1900 totus
1171 1873 1217 1898 ex
1237 1858 1294 1898 eis
1314 1858 1515 1909 pendebat

180 1930 288 1968 unde
309 1928 383 1968 orti
405 1935 496 1967 sunt
518 1927 760 1966 Pithoeanus
783 1926 1054 1977 Perottinique
1074 1926 1173 1965 libri.
1217 1925 1325 1975 quod
1347 1925 1377 1962 si
1399 1930 1512 1970 esset,

181 1994 366 2033 nimirum
388 1993 599 2032 abicienda
614 1994 741 2032 forent
763 1993 1110 2043 Paraphrastarum
1127 1989 1261 2030 omnia
1276 1991 1326 2029 de
1347 1987 1516 2027 Phaedri

182 2061 324 2099 sabulis
355 2058 592 2098 testimonia.
644 2059 720 2097 hoc
751 2057 825 2096 nisi
856 2057 1032 2104 facimus,
1056 2069 1186 2106 neque
1211 2054 1304 2094 facit
1324 2052 1514 2100 Thielius,

180 2126 385 2165 fatendum
417 2132 474 2164 est
503 2123 544 2163 id
573 2124 703 2174 ipsum
726 2123 835 2173 quod
857 2123 996 2161 eadem
1023 2135 1070 2160 ac
1091 2121 1332 2159 Pithoeanus
1354 2116 1515 2157 Perotti-

181 2192 302 2242 nique
337 2202 527 2241 persaepe
565 2195 764 2239 praestent
805 2189 1087 2238 Paraphrastae
1134 2188 1378 2226 documento
1416 2196 1513 2231 esse,

182 2257 236 2296 illi
258 2256 383 2296 sicubi
404 2268 525 2306 praua
546 2254 769 2300 exhibeant,
794 2254 866 2292 hos
887 2253 953 2301 ibi,
973 2253 1095 2291 modo
1112 2250 1323 2290 sinceriora
1338 2250 1513 2296 offerant,

182 2325 342 2363 testium
369 2324 457 2361 loco
482 2319 591 2360 citari
615 2320 772 2359 debere.
831 2332 912 2358 non
939 2331 1110 2357 morarer
1137 2316 1176 2355 in
1198 2330 1238 2355 re
1259 2328 1389 2366 neque
1409 2327 1516 2365 argu-

184 2388 436 2434 mentatione,
479 2395 520 2425 ut
561 2387 710 2436 opinor,
752 2384 953 2435 indigente
994 2397 1121 2434 neque
1162 2382 1192 2421 si
1232 2388 1360 2433 egeret
1406 2378 1514 2418 breui

817 2465 880 2489 vin
